Time,PSIA,MASSFLOW,TOTAL_MASS,TOTAL_VOLUME
2023-04-21T11:22:14.234,14.71,0.001,0,0
2023-04-21T11:22:15.317,14.71,0.001,0,0
2023-04-21T11:22:16.371,14.71,0.001,0,0
2023-04-21T11:22:17.440,14.71,0.001,0,0
2023-04-21T11:22:18.510,14.71,0.001,0,0
2023-04-21T11:22:19.560,14.71,0,0,0
2023-04-21T11:22:20.601,14.71,0.001,0,0
2023-04-21T11:22:21.655,14.71,0.001,0,0
2023-04-21T11:22:22.724,14.71,0.001,0,0
2023-04-21T11:22:23.778,14.71,0,0,0
2023-04-21T11:22:24.829,14.71,0.001,0,0
2023-04-21T11:22:25.901,14.71,0.001,0,0
2023-04-21T11:22:27.257,14.71,0,0,0
2023-04-21T11:22:28.311,14.71,0,0,0
2023-04-21T11:22:29.380,14.71,0,0,0
2023-04-21T11:22:30.482,14.71,0,0,0
2023-04-21T11:22:31.536,14.71,0,0,0
2023-04-21T11:22:32.621,14.71,0,0,0
2023-04-21T11:22:33.659,14.96,1.08,0,0
2023-04-21T11:22:34.728,22.97,8.859,0.09,0.08
2023-04-21T11:22:35.798,38.38,7.346,0.25,0.16
2023-04-21T11:22:36.929,48.76,4.837,0.35,0.19
2023-04-21T11:22:37.984,53.51,1.005,0.4,0.21
2023-04-21T11:22:39.070,53.98,0.094,0.41,0.21
2023-04-21T11:22:40.108,54.04,0.009,0.41,0.21
2023-04-21T11:22:41.177,54.04,0.02,0.41,0.21
2023-04-21T11:22:42.263,54.07,0.001,0.41,0.21
2023-04-21T11:22:43.332,54.08,0,0.41,0.21
2023-04-21T11:22:44.386,54.09,0.005,0.41,0.21
2023-04-21T11:22:45.471,54.13,0.062,0.41,0.21
2023-04-21T11:22:46.540,54.64,0.368,0.42,0.21
2023-04-21T11:22:47.594,55.17,0.197,0.42,0.21
2023-04-21T11:22:48.679,55.4,0.086,0.42,0.21
2023-04-21T11:22:49.733,55.51,0.057,0.43,0.21
2023-04-21T11:22:50.802,55.63,0.062,0.43,0.21
2023-04-21T11:22:51.898,55.82,0.141,0.43,0.21
2023-04-21T11:22:52.957,56.2,0.22,0.43,0.21
2023-04-21T11:22:54.043,56.59,0.427,0.44,0.21
2023-04-21T11:22:55.105,57.63,0.405,0.45,0.22
2023-04-21T11:22:56.150,58.1,0.182,0.45,0.22
2023-04-21T11:22:57.203,58.32,0.095,0.45,0.22
2023-04-21T11:22:58.305,58.61,0.209,0.46,0.22
2023-04-21T11:22:59.374,58.98,0.165,0.46,0.22
2023-04-21T11:23:00.428,59.2,0.1,0.46,0.22
2023-04-21T11:23:01.513,59.51,0.25,0.46,0.22
2023-04-21T11:23:02.583,59.86,0.144,0.47,0.22
2023-04-21T11:23:03.636,60.05,0.085,0.47,0.22
2023-04-21T11:23:04.706,60.3,0.205,0.47,0.22
2023-04-21T11:23:05.775,60.79,0.206,0.48,0.22
2023-04-21T11:23:06.861,61.06,0.11,0.48,0.22
2023-04-21T11:23:07.920,61.21,0.062,0.48,0.22
2023-04-21T11:23:08.989,61.38,0.074,0.48,0.22
2023-04-21T11:23:10.053,61.49,0.046,0.48,0.22
2023-04-21T11:23:11.123,61.56,0.028,0.48,0.22
2023-04-21T11:23:12.182,61.61,0.017,0.48,0.22
2023-04-21T11:23:13.230,61.68,0.047,0.48,0.22
2023-04-21T11:23:14.299,61.76,0.035,0.48,0.22
2023-04-21T11:23:15.385,61.86,0.091,0.48,0.22
2023-04-21T11:23:16.470,62.24,0.197,0.49,0.22
2023-04-21T11:23:17.524,62.51,0.119,0.49,0.22
2023-04-21T11:23:18.562,62.86,0.244,0.49,0.22
2023-04-21T11:23:19.663,63.2,0.153,0.5,0.22
2023-04-21T11:23:20.732,63.7,0.313,0.5,0.22
2023-04-21T11:23:21.802,64.07,0.153,0.5,0.22
2023-04-21T11:23:22.871,64.28,0.083,0.51,0.22
2023-04-21T11:23:23.941,64.4,0.045,0.51,0.22
2023-04-21T11:23:24.994,64.47,0.031,0.51,0.22
2023-04-21T11:23:26.048,64.58,0.052,0.51,0.22
2023-04-21T11:23:27.101,64.67,0.037,0.51,0.22
2023-04-21T11:23:28.155,64.74,0.027,0.51,0.22
2023-04-21T11:23:29.241,64.8,0.023,0.51,0.22
2023-04-21T11:23:30.278,64.87,0.05,0.51,0.22
2023-04-21T11:23:31.379,64.97,0.039,0.51,0.22
2023-04-21T11:23:32.449,65.04,0.029,0.51,0.22
2023-04-21T11:23:33.487,65.08,-0.008,0.51,0.22
2023-04-21T11:23:34.556,65.08,-0.009,0.51,0.22
2023-04-21T11:23:35.652,65.08,-0.006,0.51,0.22
2023-04-21T11:23:36.727,65.09,-0.002,0.51,0.22
2023-04-21T11:23:37.768,65.1,-0.002,0.51,0.22
2023-04-21T11:23:38.834,65.12,-0.003,0.51,0.22
2023-04-21T11:23:39.919,48.44,4.144,0.51,0.22
2023-04-21T11:23:40.973,16.35,0.819,0.54,0.24
2023-04-21T11:23:42.026,16.26,0.781,0.56,0.25
2023-04-21T11:23:43.080,16.19,0.785,0.57,0.27
2023-04-21T11:23:44.165,16.14,0.786,0.59,0.28
2023-04-21T11:23:45.235,16.82,11.295,0.67,0.36
2023-04-21T11:23:46.320,17.62,14.679,0.93,0.57
2023-04-21T11:23:47.382,18.47,17.557,1.19,0.79
2023-04-21T11:23:48.459,19.77,22.688,1.57,1.08
2023-04-21T11:23:49.529,20.7,23.395,1.98,1.39
2023-04-21T11:23:50.615,21.4,22.821,2.4,1.68
2023-04-21T11:23:51.716,22.04,22.738,2.82,1.96
2023-04-21T11:23:52.801,22.6,22.709,3.23,2.23
2023-04-21T11:23:53.887,23.1,22.684,3.64,2.5
2023-04-21T11:23:54.988,23.55,22.659,4.06,2.76
2023-04-21T11:23:56.042,23.95,22.638,4.45,3.01
2023-04-21T11:23:57.127,24.32,22.615,4.86,3.26
2023-04-21T11:23:58.181,24.65,22.593,5.26,3.5
2023-04-21T11:23:59.234,24.96,22.571,5.65,3.73
2023-04-21T11:24:00.342,25.26,22.55,6.07,3.98
2023-04-21T11:24:01.407,25.54,22.528,6.47,4.21
2023-04-21T11:24:02.474,25.8,22.507,6.87,4.44
2023-04-21T11:24:03.528,26.04,22.485,7.26,4.67
2023-04-21T11:24:04.575,26.27,22.466,7.65,4.89
2023-04-21T11:24:05.667,26.5,22.446,8.06,5.11
2023-04-21T11:24:06.737,26.72,22.424,8.46,5.33
2023-04-21T11:24:07.838,26.86,21.587,8.87,5.56
2023-04-21T11:24:08.908,26.73,18.756,9.21,5.75
2023-04-21T11:24:09.977,26.77,18.745,9.54,5.93
2023-04-21T11:24:11.047,26.84,18.673,9.88,6.12
2023-04-21T11:24:12.132,27.23,21.987,10.25,6.32
2023-04-21T11:24:13.217,27.65,23.619,10.67,6.54
2023-04-21T11:24:14.271,27.89,23.023,11.08,6.76
2023-04-21T11:24:15.324,27.95,21.287,11.47,6.97
2023-04-21T11:24:16.410,28.08,21.191,11.85,7.17
2023-04-21T11:24:17.495,28.22,21.086,12.23,7.37
2023-04-21T11:24:18.535,28.36,21.062,12.6,7.56
2023-04-21T11:24:19.634,28.51,21.092,12.98,7.76
2023-04-21T11:24:20.704,28.65,21.07,13.36,7.95
2023-04-21T11:24:21.805,28.8,21.048,13.74,8.15
2023-04-21T11:24:22.859,28.94,21.028,14.11,8.34
2023-04-21T11:24:23.960,29.09,21.005,14.5,8.54
2023-04-21T11:24:25.013,29.22,20.984,14.86,8.72
2023-04-21T11:24:26.067,29.36,20.962,15.24,8.91
2023-04-21T11:24:27.153,29.5,20.94,15.61,9.1
2023-04-21T11:24:28.190,29.63,20.918,15.97,9.28
2023-04-21T11:24:29.291,29.77,20.895,16.36,9.47
2023-04-21T11:24:30.361,29.91,20.875,16.73,9.65
2023-04-21T11:24:31.415,30.04,20.854,17.1,9.83
2023-04-21T11:24:32.500,30.17,20.832,17.47,10.02
2023-04-21T11:24:33.554,30.31,20.809,17.84,10.19
2023-04-21T11:24:34.655,30.44,20.789,18.22,10.38
2023-04-21T11:24:35.709,30.57,20.77,18.58,10.55
2023-04-21T11:24:36.762,30.7,20.748,18.95,10.73
2023-04-21T11:24:37.847,30.83,20.727,19.32,10.91
2023-04-21T11:24:38.933,30.96,20.706,19.7,11.09
2023-04-21T11:24:40.019,31.09,20.684,20.07,11.27
2023-04-21T11:24:41.104,31.21,20.664,20.44,11.44
2023-04-21T11:24:42.221,31.34,20.643,20.83,11.62
2023-04-21T11:24:43.275,31.47,20.621,21.19,11.79
2023-04-21T11:24:44.361,31.6,20.602,21.56,11.97
2023-04-21T11:24:45.462,31.72,20.579,21.94,12.14
2023-04-21T11:24:46.532,31.85,20.558,22.3,12.31
2023-04-21T11:24:47.609,31.97,20.539,22.67,12.48
2023-04-21T11:24:48.702,32.1,20.516,23.05,12.66
2023-04-21T11:24:49.756,32.21,20.495,23.41,12.82
2023-04-21T11:24:50.809,32.33,20.474,23.77,12.98
2023-04-21T11:24:51.879,32.45,20.454,24.13,13.15
2023-04-21T11:24:52.931,32.57,20.433,24.49,13.31
2023-04-21T11:24:54.011,32.69,20.412,24.86,13.48
2023-04-21T11:24:55.103,32.81,20.391,25.23,13.65
2023-04-21T11:24:56.189,32.93,20.368,25.6,13.81
2023-04-21T11:24:57.258,33.05,20.345,25.96,13.97
2023-04-21T11:24:58.312,33.16,20.325,26.31,14.13
2023-04-21T11:24:59.398,33.28,20.302,26.68,14.3
2023-04-21T11:25:00.451,33.39,20.28,27.04,14.45
2023-04-21T11:25:01.504,33.51,20.259,27.4,14.61
2023-04-21T11:25:02.616,33.62,20.237,27.77,14.77
2023-04-21T11:25:03.691,33.74,20.215,28.13,14.93
2023-04-21T11:25:04.793,33.86,20.191,28.5,15.09
2023-04-21T11:25:05.830,33.97,20.17,28.85,15.25
2023-04-21T11:25:06.916,34.08,20.146,29.22,15.4
2023-04-21T11:25:07.976,34.2,20.123,29.57,15.56
2023-04-21T11:25:09.023,34.3,20.102,29.92,15.71
2023-04-21T11:25:10.092,34.41,20.079,30.28,15.86
2023-04-21T11:25:11.162,34.53,20.056,30.64,16.01
2023-04-21T11:25:12.247,34.64,20.031,31,16.17
2023-04-21T11:25:13.317,34.75,20.009,31.35,16.32
2023-04-21T11:25:14.386,34.86,19.985,31.71,16.47
2023-04-21T11:25:15.456,34.97,19.962,32.07,16.62
2023-04-21T11:25:16.509,35.07,19.938,32.41,16.77
2023-04-21T11:25:17.563,35.18,19.915,32.77,16.91
2023-04-21T11:25:18.664,35.29,19.891,33.13,17.07
2023-04-21T11:25:19.734,35.4,19.866,33.49,17.21
2023-04-21T11:25:20.793,35.51,19.842,33.83,17.36
2023-04-21T11:25:21.873,35.61,19.817,34.19,17.51
2023-04-21T11:25:22.911,35.72,19.793,34.53,17.65
2023-04-21T11:25:23.980,35.82,19.769,34.89,17.79
2023-04-21T11:25:25.097,35.93,19.745,35.25,17.94
2023-04-21T11:25:26.183,36.04,19.719,35.61,18.09
2023-04-21T11:25:27.258,36.15,19.694,35.96,18.23
2023-04-21T11:25:28.306,36.25,19.67,36.31,18.37
2023-04-21T11:25:29.356,36.35,19.645,36.65,18.51
2023-04-21T11:25:30.413,36.45,19.622,36.99,18.65
2023-04-21T11:25:31.514,36.56,19.596,37.35,18.8
2023-04-21T11:25:32.568,36.66,19.569,37.7,18.94
2023-04-21T11:25:33.669,36.77,19.544,38.06,19.08
2023-04-21T11:25:34.739,36.87,19.517,38.4,19.22
2023-04-21T11:25:35.824,36.97,19.491,38.75,19.36
2023-04-21T11:25:36.926,37.08,19.465,39.11,19.5
2023-04-21T11:25:37.979,37.18,19.441,39.45,19.64
2023-04-21T11:25:39.065,37.28,19.414,39.81,19.78
2023-04-21T11:25:40.130,37.38,19.388,40.14,19.91
2023-04-21T11:25:41.188,37.48,19.441,40.49,20.05
2023-04-21T11:25:42.241,38.07,24.721,40.9,20.21
2023-04-21T11:25:43.358,38.37,24.053,41.36,20.38
2023-04-21T11:25:44.444,38.26,19.455,41.73,20.53
2023-04-21T11:25:45.529,38.3,19.452,42.08,20.66
2023-04-21T11:25:46.617,38.38,19.688,42.44,20.8
2023-04-21T11:25:47.700,38.48,19.978,42.8,20.94
2023-04-21T11:25:48.754,38.61,20.392,43.15,21.07
2023-04-21T11:25:49.823,38.78,21.022,43.52,21.21
2023-04-21T11:25:50.925,38.94,20.982,43.91,21.36
2023-04-21T11:25:51.963,39.07,20.938,44.27,21.5
2023-04-21T11:25:53.000,39.2,20.898,44.63,21.63
2023-04-21T11:25:54.125,39.34,20.854,45.02,21.78
2023-04-21T11:25:55.171,39.47,20.811,45.38,21.91
2023-04-21T11:25:56.225,39.59,20.771,45.75,22.05
2023-04-21T11:25:57.278,39.71,20.734,46.11,22.18
2023-04-21T11:25:58.363,39.83,20.692,46.49,22.32
2023-04-21T11:25:59.417,39.95,20.653,46.85,22.46
2023-04-21T11:26:00.480,40.07,20.613,47.21,22.59
2023-04-21T11:26:01.557,40.18,20.574,47.58,22.73
2023-04-21T11:26:02.593,40.29,20.537,47.94,22.86
2023-04-21T11:26:03.647,40.4,20.497,48.3,22.99
2023-04-21T11:26:04.701,40.51,20.457,48.66,23.12
2023-04-21T11:26:05.770,40.62,20.418,49.02,23.25
2023-04-21T11:26:06.840,40.73,20.378,49.38,23.38
2023-04-21T11:26:07.877,40.84,20.341,49.74,23.51
2023-04-21T11:26:08.963,40.95,20.301,50.1,23.64
2023-04-21T11:26:10.001,41.05,20.264,50.45,23.77
2023-04-21T11:26:11.038,41.16,20.224,50.8,23.89
2023-04-21T11:26:12.091,41.26,20.188,51.15,24.02
2023-04-21T11:26:13.161,41.37,20.146,51.52,24.15
2023-04-21T11:26:14.214,41.47,20.109,51.87,24.27
2023-04-21T11:26:15.300,41.57,20.07,52.23,24.4
2023-04-21T11:26:16.354,41.67,20.03,52.58,24.53
2023-04-21T11:26:17.391,41.78,19.992,52.93,24.65
2023-04-21T11:26:18.445,41.88,19.953,53.28,24.77
2023-04-21T11:26:19.530,41.98,19.913,53.64,24.9
2023-04-21T11:26:20.616,42.08,19.873,54,25.02
2023-04-21T11:26:21.701,42.18,19.834,54.36,25.15
2023-04-21T11:26:22.779,42.28,19.794,54.71,25.27
2023-04-21T11:26:23.840,42.38,19.756,55.06,25.4
2023-04-21T11:26:24.894,42.48,19.717,55.41,25.52
2023-04-21T11:26:25.963,42.58,19.68,55.76,25.64
2023-04-21T11:26:27.017,42.67,19.64,56.11,25.76
2023-04-21T11:26:28.073,42.77,19.6,56.45,25.87
2023-04-21T11:26:29.155,42.86,19.56,56.8,26
2023-04-21T11:26:30.237,42.96,19.522,57.15,26.11
2023-04-21T11:26:31.295,43.06,19.482,57.5,26.23
2023-04-21T11:26:32.380,43.15,19.441,57.85,26.35
2023-04-21T11:26:33.434,43.25,19.402,58.19,26.47
2023-04-21T11:26:34.487,43.34,19.363,58.53,26.59
2023-04-21T11:26:35.557,43.44,19.325,58.88,26.7
2023-04-21T11:26:36.626,43.53,19.284,59.22,26.82
2023-04-21T11:26:37.680,43.62,19.245,59.56,26.93
2023-04-21T11:26:38.733,43.71,19.204,59.89,27.05
2023-04-21T11:26:39.867,43.81,19.162,60.25,27.17
2023-04-21T11:26:40.920,43.9,19.123,60.59,27.28
2023-04-21T11:26:41.974,43.99,19.084,60.93,27.39
2023-04-21T11:26:43.075,44.09,19.043,61.28,27.51
2023-04-21T11:26:44.113,44.18,19.005,61.61,27.62
2023-04-21T11:26:45.166,44.26,18.963,61.94,27.73
2023-04-21T11:26:46.220,44.35,18.923,62.27,27.84
2023-04-21T11:26:47.306,44.45,18.884,62.61,27.96
2023-04-21T11:26:48.391,44.54,18.843,62.95,28.07
2023-04-21T11:26:49.460,44.62,18.804,63.29,28.18
2023-04-21T11:26:50.546,44.71,18.762,63.63,28.29
2023-04-21T11:26:51.594,44.8,18.723,63.95,28.4
2023-04-21T11:26:52.653,44.89,18.684,64.29,28.51
2023-04-21T11:26:53.754,44.98,18.642,64.63,28.62
2023-04-21T11:26:54.824,45.06,18.602,64.96,28.73
2023-04-21T11:26:55.893,45.15,18.562,65.29,28.84
2023-04-21T11:26:56.963,45.24,18.517,65.62,28.94
2023-04-21T11:26:58.016,45.42,20.131,65.96,29.05
2023-04-21T11:26:59.070,45.56,19.663,66.31,29.17
2023-04-21T11:27:00.171,45.65,19.063,66.65,29.28
2023-04-21T11:27:01.273,45.76,19.107,67,29.39
2023-04-21T11:27:02.327,45.87,19.168,67.34,29.5
2023-04-21T11:27:03.428,46.07,20.447,67.71,29.62
2023-04-21T11:27:04.523,46.23,20.144,68.07,29.73
2023-04-21T11:27:05.647,46.38,20.081,68.45,29.85
2023-04-21T11:27:06.732,46.52,20,68.81,29.97
2023-04-21T11:27:07.817,46.65,19.929,69.18,30.08
2023-04-21T11:27:08.887,46.77,19.863,69.53,30.19
2023-04-21T11:27:10.004,46.89,19.796,69.9,30.31
2023-04-21T11:27:11.063,47.01,19.734,70.24,30.42
2023-04-21T11:27:12.119,47.12,19.669,70.59,30.53
2023-04-21T11:27:13.197,47.23,19.61,70.95,30.64
2023-04-21T11:27:14.234,47.33,19.55,71.28,30.74
2023-04-21T11:27:15.288,47.43,19.491,71.63,30.85
2023-04-21T11:27:16.405,47.54,19.429,71.99,30.96
2023-04-21T11:27:17.507,47.64,19.368,72.34,31.07
2023-04-21T11:27:18.576,47.74,19.308,72.69,31.18
2023-04-21T11:27:19.630,47.84,19.254,73.02,31.28
2023-04-21T11:27:20.699,47.93,19.191,73.37,31.39
2023-04-21T11:27:21.801,48.1,20.591,73.72,31.49
2023-04-21T11:27:22.871,48.27,20.505,74.09,31.61
2023-04-21T11:27:23.956,48.42,20.413,74.46,31.72
2023-04-21T11:27:25.041,48.57,20.297,74.83,31.83
2023-04-21T11:27:26.126,48.7,20.212,75.19,31.94
2023-04-21T11:27:27.180,48.83,20.129,75.55,32.05
2023-04-21T11:27:28.249,48.95,20.048,75.91,32.16
2023-04-21T11:27:29.303,49.06,19.97,76.26,32.26
2023-04-21T11:27:30.372,49.17,19.895,76.61,32.37
2023-04-21T11:27:31.474,49.29,19.816,76.98,32.48
2023-04-21T11:27:32.544,49.39,19.743,77.33,32.58
2023-04-21T11:27:33.645,49.5,19.668,77.69,32.69
2023-04-21T11:27:34.714,49.6,19.628,78.03,32.79
2023-04-21T11:27:35.768,49.7,19.609,78.38,32.9
2023-04-21T11:27:36.821,49.81,19.623,78.72,33
2023-04-21T11:27:37.907,49.97,20.483,79.09,33.1
2023-04-21T11:27:38.961,50.11,20.409,79.45,33.21
2023-04-21T11:27:40.046,50.25,20.329,79.81,33.32
2023-04-21T11:27:41.115,50.38,20.235,80.17,33.42
2023-04-21T11:27:42.185,50.51,20.145,80.53,33.53
2023-04-21T11:27:43.255,50.62,20.048,80.89,33.63
2023-04-21T11:27:44.344,50.74,19.941,81.25,33.74
2023-04-21T11:27:45.393,50.84,19.871,81.6,33.84
2023-04-21T11:27:46.447,50.95,19.796,81.95,33.94
2023-04-21T11:27:47.533,51.05,19.716,82.3,34.04
2023-04-21T11:27:48.602,51.15,19.634,82.66,34.14
2023-04-21T11:27:49.656,51.24,19.557,83,34.24
2023-04-21T11:27:50.757,51.35,19.483,83.36,34.34
2023-04-21T11:27:51.839,51.44,19.405,83.71,34.44
2023-04-21T11:27:52.896,51.53,19.28,84.05,34.54
2023-04-21T11:27:53.950,51.61,19.198,84.39,34.64
2023-04-21T11:27:55.035,51.7,19.12,84.73,34.74
2023-04-21T11:27:56.099,51.79,19.047,85.07,34.83
2023-04-21T11:27:57.174,51.87,18.964,85.41,34.93
2023-04-21T11:27:58.244,52.01,20.059,85.75,35.03
2023-04-21T11:27:59.297,52.16,19.964,86.11,35.13
2023-04-21T11:28:00.385,52.29,19.861,86.47,35.23
2023-04-21T11:28:01.444,52.41,19.772,86.82,35.33
2023-04-21T11:28:02.490,52.52,19.681,87.16,35.42
2023-04-21T11:28:03.576,52.64,19.831,87.51,35.52
2023-04-21T11:28:04.676,52.79,20.059,87.88,35.62
2023-04-21T11:28:05.730,52.91,19.902,88.24,35.72
2023-04-21T11:28:06.800,53.03,19.791,88.59,35.82
2023-04-21T11:28:07.853,53.14,19.685,88.94,35.92
2023-04-21T11:28:08.939,53.24,19.579,89.29,36.01
2023-04-21T11:28:10.008,53.34,19.477,89.64,36.11
2023-04-21T11:28:11.062,53.44,19.384,89.97,36.2
2023-04-21T11:28:12.147,53.53,19.281,90.33,36.3
2023-04-21T11:28:13.201,53.68,20.39,90.67,36.39
2023-04-21T11:28:14.287,53.83,20.303,91.04,36.5
2023-04-21T11:28:15.339,53.97,20.165,91.39,36.59
2023-04-21T11:28:16.457,54.1,20.01,91.77,36.69
2023-04-21T11:28:17.527,54.22,19.882,92.12,36.79
2023-04-21T11:28:18.596,54.33,19.758,92.48,36.89
2023-04-21T11:28:19.661,54.43,19.641,92.82,36.98
2023-04-21T11:28:20.719,54.52,19.528,93.17,37.07
2023-04-21T11:28:21.789,54.62,19.416,93.52,37.17
2023-04-21T11:28:22.842,54.71,19.31,93.85,37.26
2023-04-21T11:28:23.896,54.8,19.205,94.2,37.35
2023-04-21T11:28:24.981,54.88,19.102,94.54,37.44
2023-04-21T11:28:26.051,54.97,19.003,94.88,37.53
2023-04-21T11:28:27.152,55.05,18.902,95.23,37.63
2023-04-21T11:28:28.206,55.12,18.806,95.56,37.71
2023-04-21T11:28:29.291,55.21,18.705,95.9,37.81
2023-04-21T11:28:30.345,55.29,18.929,96.23,37.89
2023-04-21T11:28:31.414,55.44,19.538,96.57,37.98
2023-04-21T11:28:32.452,55.57,19.695,96.91,38.07
2023-04-21T11:28:33.489,55.71,19.855,97.25,38.17
2023-04-21T11:28:34.543,55.84,19.709,97.6,38.26
2023-04-21T11:28:35.612,55.97,19.918,97.95,38.35
2023-04-21T11:28:36.666,56.11,20.023,98.3,38.44
2023-04-21T11:28:37.725,56.24,19.814,98.65,38.53
2023-04-21T11:28:38.773,56.32,19.358,99,38.62
2023-04-21T11:28:39.858,56.41,19.195,99.34,38.71
2023-04-21T11:28:40.913,56.5,19.062,99.68,38.8
2023-04-21T11:28:41.998,56.57,18.857,100.02,38.89
2023-04-21T11:28:43.051,56.84,21.238,100.39,38.98
2023-04-21T11:28:44.105,57.03,20.972,100.76,39.08
2023-04-21T11:28:45.158,57.18,20.717,101.13,39.17
2023-04-21T11:28:46.243,57.32,20.477,101.49,39.27
2023-04-21T11:28:47.313,57.45,20.254,101.86,39.36
2023-04-21T11:28:48.399,57.56,20.047,102.22,39.46
2023-04-21T11:28:49.452,57.66,19.861,102.57,39.55
2023-04-21T11:28:50.580,57.76,19.677,102.94,39.64
2023-04-21T11:28:51.639,57.85,19.511,103.29,39.73
2023-04-21T11:28:52.676,57.93,19.36,103.63,39.81
2023-04-21T11:28:53.746,58,19.209,103.97,39.9
2023-04-21T11:28:54.812,58.08,19.067,104.31,39.99
2023-04-21T11:28:55.869,58.15,18.952,104.64,40.07
2023-04-21T11:28:56.954,58.27,19.477,104.99,40.16
2023-04-21T11:28:58.008,58.36,19.312,105.33,40.25
2023-04-21T11:28:59.078,58.46,19.188,105.68,40.33
2023-04-21T11:29:00.172,58.56,19.294,106.02,40.42
2023-04-21T11:29:01.233,58.66,19.237,106.37,40.51
2023-04-21T11:29:02.318,58.78,19.58,106.72,40.59
2023-04-21T11:29:03.403,58.89,19.502,107.07,40.68
2023-04-21T11:29:04.505,59,19.49,107.43,40.77
2023-04-21T11:29:05.558,59.13,19.88,107.77,40.86
2023-04-21T11:29:06.596,59.25,19.716,108.12,40.94
2023-04-21T11:29:07.649,59.35,19.499,108.46,41.03
2023-04-21T11:29:08.719,59.45,19.402,108.81,41.11
2023-04-21T11:29:09.788,59.56,19.499,109.15,41.2
2023-04-21T11:29:10.890,59.69,19.709,109.51,41.29
2023-04-21T11:29:11.928,59.8,19.714,109.85,41.37
2023-04-21T11:29:12.997,59.92,19.812,110.21,41.46
2023-04-21T11:29:14.094,60.04,19.688,110.56,41.55
2023-04-21T11:29:15.152,60.14,19.517,110.91,41.63
2023-04-21T11:29:16.190,60.25,19.602,111.25,41.71
2023-04-21T11:29:17.259,60.36,19.549,111.6,41.8
2023-04-21T11:29:18.329,60.46,19.515,111.95,41.88
2023-04-21T11:29:19.414,60.58,19.693,112.3,41.97
2023-04-21T11:29:20.484,60.69,19.684,112.65,42.05
2023-04-21T11:29:21.601,60.8,19.6,113.01,42.14
2023-04-21T11:29:22.670,60.9,19.427,113.36,42.23
2023-04-21T11:29:23.756,61,19.369,113.72,42.31
2023-04-21T11:29:24.794,61.09,19.216,114.05,42.39
2023-04-21T11:29:25.879,61.17,19.18,114.39,42.47
2023-04-21T11:29:26.980,61.28,19.535,114.75,42.56
2023-04-21T11:29:28.050,61.4,19.54,115.1,42.64
2023-04-21T11:29:29.120,61.49,19.188,115.44,42.73
2023-04-21T11:29:30.206,61.57,18.947,115.79,42.81
2023-04-21T11:29:31.295,61.64,18.818,116.13,42.89
2023-04-21T11:29:32.392,61.71,18.599,116.47,42.97
2023-04-21T11:29:33.462,61.76,18.352,116.8,43.05
2023-04-21T11:29:34.531,61.82,18.249,117.13,43.13
2023-04-21T11:29:35.593,61.92,19.28,117.45,43.2
2023-04-21T11:29:36.654,62.04,19.141,117.79,43.29
2023-04-21T11:29:37.755,62.14,19.046,118.14,43.37
2023-04-21T11:29:38.826,62.22,18.783,118.48,43.45
2023-04-21T11:29:39.926,62.29,18.417,118.82,43.53
2023-04-21T11:29:40.996,62.35,18.119,119.15,43.61
2023-04-21T11:29:42.049,62.39,17.867,119.46,43.68
2023-04-21T11:29:43.119,62.43,17.648,119.78,43.75
2023-04-21T11:29:44.172,62.46,17.381,120.09,43.83
2023-04-21T11:29:45.258,62.48,17.173,120.4,43.9
2023-04-21T11:29:46.311,62.51,17.024,120.7,43.97
2023-04-21T11:29:47.403,62.53,16.877,121,44.04
2023-04-21T11:29:48.450,62.55,16.743,121.3,44.11
2023-04-21T11:29:49.536,62.57,16.606,121.6,44.18
2023-04-21T11:29:50.621,62.59,16.473,121.9,44.25
2023-04-21T11:29:51.675,62.61,16.345,122.19,44.32
2023-04-21T11:29:52.728,62.63,16.22,122.47,44.39
2023-04-21T11:29:53.814,62.65,16.098,122.76,44.46
2023-04-21T11:29:54.867,62.66,15.982,123.04,44.52
2023-04-21T11:29:55.921,62.68,15.87,123.33,44.59
2023-04-21T11:29:56.959,62.7,15.759,123.6,44.65
2023-04-21T11:29:58.060,62.71,15.647,123.88,44.72
2023-04-21T11:29:59.145,62.73,15.539,124.17,44.79
2023-04-21T11:30:00.231,62.75,15.432,124.45,44.85
2023-04-21T11:30:01.284,62.76,15.33,124.72,44.92
2023-04-21T11:30:02.338,62.78,15.232,124.99,44.98
2023-04-21T11:30:03.449,62.79,15.131,125.26,45.04
2023-04-21T11:30:04.493,62.8,15.038,125.53,45.11
2023-04-21T11:30:05.562,62.82,14.941,125.8,45.17
2023-04-21T11:30:06.616,62.83,14.849,126.06,45.23
2023-04-21T11:30:07.701,62.84,14.755,126.33,45.29
2023-04-21T11:30:08.755,62.85,14.667,126.58,45.35
2023-04-21T11:30:09.815,62.87,14.578,126.84,45.41
2023-04-21T11:30:10.894,62.88,14.489,127.1,45.47
2023-04-21T11:30:11.963,62.89,14.402,127.36,45.53
2023-04-21T11:30:13.022,62.9,14.319,127.61,45.59
2023-04-21T11:30:14.091,62.91,14.236,127.87,45.65
2023-04-21T11:30:15.140,62.92,14.155,128.11,45.71
2023-04-21T11:30:16.242,62.94,14.073,128.37,45.77
2023-04-21T11:30:17.279,62.95,13.995,128.62,45.83
2023-04-21T11:30:18.380,62.96,13.916,128.87,45.89
2023-04-21T11:30:19.434,62.97,13.839,129.12,45.94
2023-04-21T11:30:20.488,62.98,13.762,129.36,46
2023-04-21T11:30:21.573,62.98,13.689,129.61,46.06
2023-04-21T11:30:22.627,63,13.616,129.84,46.11
2023-04-21T11:30:23.681,63,13.543,130.08,46.17
2023-04-21T11:30:24.750,63.01,13.47,130.32,46.23
2023-04-21T11:30:25.813,63.02,13.402,130.56,46.28
2023-04-21T11:30:26.889,63.03,13.328,130.8,46.34
2023-04-21T11:30:27.974,63.04,13.256,131.04,46.39
2023-04-21T11:30:29.044,63.05,13.188,131.28,46.45
2023-04-21T11:30:30.081,63.05,13.123,131.5,46.5
2023-04-21T11:30:31.151,63.06,13.057,131.74,46.56
2023-04-21T11:30:32.188,63.07,12.993,131.96,46.61
2023-04-21T11:30:33.242,63.08,12.93,132.19,46.66
2023-04-21T11:30:34.343,63.08,12.863,132.43,46.72
2023-04-21T11:30:35.413,63.09,12.799,132.65,46.77
2023-04-21T11:30:36.466,63.1,12.738,132.88,46.82
2023-04-21T11:30:37.552,63.1,12.673,133.11,46.88
2023-04-21T11:30:38.642,63.11,12.613,133.34,46.93
2023-04-21T11:30:39.675,63.12,12.555,133.55,46.98
2023-04-21T11:30:40.728,63.12,12.496,133.77,47.03
2023-04-21T11:30:41.830,63.13,12.439,134,47.08
2023-04-21T11:30:42.884,63.14,12.383,134.22,47.13
2023-04-21T11:30:43.969,63.14,12.327,134.44,47.19
2023-04-21T11:30:45.036,63.15,12.272,134.66,47.24
2023-04-21T11:30:46.108,63.15,12.213,134.88,47.29
2023-04-21T11:30:47.177,63.16,12.154,135.1,47.34
2023-04-21T11:30:48.231,63.16,12.099,135.31,47.39
2023-04-21T11:30:49.285,63.17,12.046,135.52,47.44
2023-04-21T11:30:50.354,63.17,11.992,135.74,47.49
2023-04-21T11:30:51.407,63.18,11.94,135.95,47.54
2023-04-21T11:30:52.509,63.18,11.887,136.16,47.59
2023-04-21T11:30:53.562,63.19,11.837,136.37,47.64
2023-04-21T11:30:54.616,63.19,11.786,136.58,47.68
2023-04-21T11:30:55.702,63.2,11.736,136.79,47.73
2023-04-21T11:30:56.766,63.21,11.688,137,47.78
2023-04-21T11:30:57.825,63.21,11.637,137.21,47.83
2023-04-21T11:30:58.929,63.21,11.588,137.42,47.88
2023-04-21T11:30:59.979,63.22,11.538,137.62,47.93
2023-04-21T11:31:01.017,63.22,11.492,137.82,47.97
2023-04-21T11:31:02.103,63.22,11.445,138.03,48.02
2023-04-21T11:31:03.156,63.23,11.401,138.23,48.07
2023-04-21T11:31:04.226,63.23,11.353,138.43,48.11
2023-04-21T11:31:05.311,63.24,11.307,138.63,48.16
2023-04-21T11:31:06.397,63.24,11.262,138.84,48.21
2023-04-21T11:31:07.482,63.24,11.216,139.04,48.26
2023-04-21T11:31:08.536,63.25,11.173,139.24,48.3
2023-04-21T11:31:09.621,63.25,11.129,139.44,48.35
2023-04-21T11:31:10.675,63.25,11.088,139.64,48.39
2023-04-21T11:31:11.744,63.26,11.044,139.83,48.44
2023-04-21T11:31:12.830,63.26,11.002,140.03,48.49
2023-04-21T11:31:13.915,63.26,10.96,140.23,48.53
2023-04-21T11:31:14.984,63.27,10.919,140.42,48.58
2023-04-21T11:31:16.064,63.27,10.877,140.62,48.62
2023-04-21T11:31:17.123,63.28,10.837,140.81,48.67
2023-04-21T11:31:18.193,63.28,10.798,141,48.71
2023-04-21T11:31:19.263,63.28,10.758,141.2,48.76
2023-04-21T11:31:20.300,63.28,10.72,141.38,48.8
2023-04-21T11:31:21.402,63.29,10.68,141.58,48.85
2023-04-21T11:31:22.439,63.29,10.643,141.76,48.89
2023-04-21T11:31:23.557,63.29,10.603,141.96,48.93
2023-04-21T11:31:24.610,63.29,10.566,142.14,48.98
2023-04-21T11:31:25.674,63.3,10.527,142.33,49.02
2023-04-21T11:31:26.781,63.3,10.49,142.52,49.07
2023-04-21T11:31:27.876,63.3,10.452,142.72,49.11
2023-04-21T11:31:28.963,63.3,10.416,142.9,49.15
2023-04-21T11:31:30.006,63.31,10.381,143.09,49.2
2023-04-21T11:31:31.059,63.31,10.345,143.27,49.24
2023-04-21T11:31:32.161,63.31,10.309,143.46,49.28
2023-04-21T11:31:33.230,63.31,10.276,143.64,49.33
2023-04-21T11:31:34.323,63.32,10.241,143.83,49.37
2023-04-21T11:31:35.386,63.32,10.208,144.01,49.41
2023-04-21T11:31:36.454,63.32,10.174,144.19,49.45
2023-04-21T11:31:37.540,63.32,10.139,144.37,49.5
2023-04-21T11:31:38.578,63.33,10.108,144.55,49.54
2023-04-21T11:31:39.663,63.33,10.075,144.73,49.58
2023-04-21T11:31:40.732,63.33,10.042,144.91,49.62
2023-04-21T11:31:41.786,63.33,10.011,145.09,49.66
2023-04-21T11:31:42.840,63.33,9.979,145.26,49.7
2023-04-21T11:31:43.893,63.34,9.948,145.44,49.74
2023-04-21T11:31:44.963,63.34,9.917,145.61,49.78
2023-04-21T11:31:46.032,63.34,9.886,145.79,49.82
2023-04-21T11:31:47.102,63.34,9.855,145.96,49.86
2023-04-21T11:31:48.155,63.34,9.825,146.14,49.9
2023-04-21T11:31:49.225,63.34,9.795,146.31,49.94
2023-04-21T11:31:50.310,63.35,9.763,146.49,49.99
2023-04-21T11:31:51.380,63.35,9.738,146.66,50.03
2023-04-21T11:31:52.484,63.35,9.706,146.84,50.07
2023-04-21T11:31:53.549,63.35,9.675,147.01,50.11
2023-04-21T11:31:54.620,63.35,9.647,147.18,50.15
2023-04-21T11:31:55.722,63.35,9.618,147.36,50.19
2023-04-21T11:31:56.775,63.36,9.591,147.53,50.23
2023-04-21T11:31:57.841,63.36,9.564,147.7,50.27
2023-04-21T11:31:58.946,63.36,9.534,147.88,50.31
2023-04-21T11:32:00.031,63.36,9.507,148.05,50.35
2023-04-21T11:32:01.101,63.36,9.48,148.22,50.39
2023-04-21T11:32:02.165,63.36,9.454,148.38,50.43
2023-04-21T11:32:03.256,63.36,9.427,148.56,50.47
2023-04-21T11:32:04.326,63.37,9.399,148.72,50.51
2023-04-21T11:32:05.379,63.37,9.373,148.89,50.54
2023-04-21T11:32:06.481,63.37,9.346,149.06,50.58
2023-04-21T11:32:07.550,63.37,9.322,149.23,50.62
2023-04-21T11:32:08.652,63.37,9.295,149.4,50.66
2023-04-21T11:32:09.705,63.37,9.27,149.56,50.7
2023-04-21T11:32:10.759,63.37,9.241,149.72,50.74
2023-04-21T11:32:11.844,63.38,9.215,149.89,50.78
2023-04-21T11:32:12.898,63.38,9.19,150.05,50.81
2023-04-21T11:32:13.951,63.38,9.166,150.21,50.85
2023-04-21T11:32:15.037,63.38,9.144,150.38,50.89
2023-04-21T11:32:16.090,63.38,9.12,150.54,50.93
2023-04-21T11:32:17.160,63.38,9.098,150.7,50.96
2023-04-21T11:32:18.277,63.38,9.072,150.87,51
2023-04-21T11:32:19.315,63.38,9.049,151.02,51.04
2023-04-21T11:32:20.376,63.38,9.025,151.18,51.08
2023-04-21T11:32:21.422,63.39,9.002,151.34,51.11
2023-04-21T11:32:22.539,63.39,8.978,151.51,51.15
2023-04-21T11:32:23.609,63.39,8.956,151.67,51.19
2023-04-21T11:32:24.678,63.39,8.933,151.83,51.23
2023-04-21T11:32:25.722,63.39,8.913,151.98,51.26
2023-04-21T11:32:26.789,63.39,8.89,152.14,51.3
2023-04-21T11:32:27.871,63.39,8.869,152.3,51.34
2023-04-21T11:32:28.940,63.39,8.847,152.46,51.37
2023-04-21T11:32:29.994,63.39,8.827,152.61,51.41
2023-04-21T11:32:31.079,63.39,8.804,152.77,51.44
2023-04-21T11:32:32.149,63.39,8.783,152.93,51.48
2023-04-21T11:32:33.213,63.4,8.763,153.08,51.52
2023-04-21T11:32:34.320,63.4,8.741,153.25,51.55
2023-04-21T11:32:35.389,63.4,8.72,153.4,51.59
2023-04-21T11:32:36.459,63.4,8.699,153.56,51.63
2023-04-21T11:32:37.561,63.4,8.678,153.72,51.66
2023-04-21T11:32:38.598,63.4,8.657,153.87,51.7
2023-04-21T11:32:39.668,63.4,8.637,154.02,51.73
2023-04-21T11:32:40.705,63.4,8.617,154.17,51.77
2023-04-21T11:32:41.774,63.4,8.598,154.32,51.8
2023-04-21T11:32:42.876,63.4,8.576,154.48,51.84
2023-04-21T11:32:43.938,63.4,8.555,154.63,51.88
2023-04-21T11:32:45.028,63.4,8.534,154.78,51.91
2023-04-21T11:32:46.108,63.4,8.515,154.94,51.95
2023-04-21T11:32:47.163,63.4,8.495,155.09,51.98
2023-04-21T11:32:48.271,63.4,8.476,155.25,52.02
2023-04-21T11:32:49.325,63.4,8.458,155.39,52.05
2023-04-21T11:32:50.394,63.4,8.44,155.54,52.09
2023-04-21T11:32:51.464,63.41,8.422,155.69,52.12
2023-04-21T11:32:52.534,63.41,8.405,155.84,52.16
2023-04-21T11:32:53.603,63.4,8.387,155.99,52.19
2023-04-21T11:32:54.701,63.41,8.367,156.15,52.23
2023-04-21T11:32:55.784,63.41,8.35,156.3,52.26
2023-04-21T11:32:56.859,63.41,8.333,156.45,52.3
2023-04-21T11:32:57.961,63.41,8.314,156.6,52.33
2023-04-21T11:32:59.015,63.41,8.295,156.75,52.37
2023-04-21T11:33:00.084,63.41,8.276,156.89,52.4
2023-04-21T11:33:01.137,63.41,8.259,157.04,52.43
2023-04-21T11:33:02.223,63.41,8.244,157.19,52.47
2023-04-21T11:33:03.308,63.41,8.23,157.33,52.5
2023-04-21T11:33:04.346,63.41,8.215,157.48,52.54
2023-04-21T11:33:05.432,63.41,8.196,157.63,52.57
2023-04-21T11:33:06.485,63.41,8.177,157.77,52.6
2023-04-21T11:33:07.539,63.41,8.16,157.91,52.64
2023-04-21T11:33:08.592,63.41,8.144,158.05,52.67
2023-04-21T11:33:09.678,63.41,8.127,158.2,52.7
2023-04-21T11:33:10.731,63.41,8.11,158.35,52.74
2023-04-21T11:33:11.849,63.41,8.093,158.5,52.77
2023-04-21T11:33:12.902,63.41,8.077,158.64,52.81
2023-04-21T11:33:13.972,63.41,8.062,158.78,52.84
2023-04-21T11:33:15.089,63.41,8.045,158.93,52.87
2023-04-21T11:33:16.143,63.41,8.03,159.07,52.91
2023-04-21T11:33:17.196,63.41,8.015,159.21,52.94
2023-04-21T11:33:18.250,63.41,8.001,159.35,52.97
2023-04-21T11:33:19.335,63.41,7.987,159.5,53
2023-04-21T11:33:20.424,63.41,7.972,159.64,53.04
2023-04-21T11:33:21.474,63.41,7.959,159.78,53.07
2023-04-21T11:33:22.544,63.41,7.945,159.92,53.1
2023-04-21T11:33:23.597,63.41,7.931,160.06,53.14
2023-04-21T11:33:24.656,63.41,7.917,160.2,53.17
2023-04-21T11:33:25.752,63.41,7.902,160.35,53.2
2023-04-21T11:33:26.806,63.41,7.889,160.48,53.23
2023-04-21T11:33:27.859,63.41,7.874,160.62,53.27
2023-04-21T11:33:28.950,63.41,7.862,160.77,53.3
2023-04-21T11:33:29.998,63.41,7.85,160.9,53.33
2023-04-21T11:33:31.036,63.42,7.836,161.04,53.36
2023-04-21T11:33:32.143,63.42,7.821,161.18,53.4
2023-04-21T11:33:33.191,63.42,7.809,161.32,53.43
2023-04-21T11:33:34.261,63.42,7.796,161.46,53.46
2023-04-21T11:33:35.314,63.41,7.783,161.6,53.49
2023-04-21T11:33:36.395,63.42,7.77,161.73,53.52
2023-04-21T11:33:37.453,63.42,7.757,161.87,53.55
2023-04-21T11:33:38.555,63.42,7.744,162.01,53.59
2023-04-21T11:33:39.624,63.42,7.73,162.15,53.62
2023-04-21T11:33:40.678,63.42,7.717,162.29,53.65
2023-04-21T11:33:41.731,63.42,7.704,162.42,53.68
2023-04-21T11:33:42.785,63.42,7.692,162.56,53.71
2023-04-21T11:33:43.854,63.42,7.68,162.69,53.75
2023-04-21T11:33:44.924,63.42,7.666,162.83,53.78
2023-04-21T11:33:45.993,63.42,7.654,162.97,53.81
2023-04-21T11:33:47.031,63.42,7.643,163.1,53.84
2023-04-21T11:33:48.116,63.42,7.632,163.24,53.87
2023-04-21T11:33:49.176,63.42,7.62,163.37,53.9
2023-04-21T11:33:50.223,63.42,7.608,163.51,53.93
2023-04-21T11:33:51.341,63.42,7.595,163.65,53.97
2023-04-21T11:33:52.394,63.42,7.584,163.78,54
2023-04-21T11:33:53.480,63.42,7.574,163.92,54.03
2023-04-21T11:33:54.533,63.42,7.563,164.05,54.06
2023-04-21T11:33:55.619,63.42,7.551,164.19,54.09
2023-04-21T11:33:56.688,63.42,7.539,164.32,54.12
2023-04-21T11:33:57.758,63.42,7.528,164.46,54.15
2023-04-21T11:33:58.860,63.42,7.518,164.59,54.19
2023-04-21T11:33:59.929,63.42,7.506,164.73,54.22
2023-04-21T11:34:00.992,63.42,7.496,164.86,54.25
2023-04-21T11:34:02.077,63.42,7.486,164.99,54.28
2023-04-21T11:34:03.137,63.42,7.475,165.13,54.31
2023-04-21T11:34:04.207,63.42,7.466,165.26,54.34
2023-04-21T11:34:05.292,63.42,7.454,165.39,54.37
2023-04-21T11:34:06.346,63.42,7.443,165.53,54.4
2023-04-21T11:34:07.399,63.42,7.432,165.66,54.43
2023-04-21T11:34:08.469,63.42,7.421,165.79,54.46
2023-04-21T11:34:09.543,63.42,7.412,165.92,54.49
2023-04-21T11:34:10.608,63.42,7.4,166.05,54.52
2023-04-21T11:34:11.693,63.42,7.39,166.19,54.56
2023-04-21T11:34:12.747,63.42,7.379,166.32,54.59
2023-04-21T11:34:13.816,63.42,7.367,166.45,54.62
2023-04-21T11:34:14.902,63.42,7.357,166.58,54.65
2023-04-21T11:34:15.987,63.42,7.347,166.71,54.68
2023-04-21T11:34:17.073,63.42,7.336,166.85,54.71
2023-04-21T11:34:18.111,63.42,7.326,166.97,54.74
2023-04-21T11:34:19.164,63.42,7.317,167.1,54.77
2023-04-21T11:34:20.235,63.42,7.307,167.23,54.8
2023-04-21T11:34:21.287,63.42,7.298,167.36,54.83
2023-04-21T11:34:22.324,63.42,7.289,167.48,54.86
2023-04-21T11:34:23.378,63.42,7.279,167.61,54.89
2023-04-21T11:34:24.447,63.42,7.27,167.74,54.92
2023-04-21T11:34:25.498,63.42,7.261,167.87,54.95
2023-04-21T11:34:26.571,63.42,7.252,168,54.98
2023-04-21T11:34:27.640,63.42,7.242,168.13,55.01
2023-04-21T11:34:28.694,63.42,7.234,168.25,55.04
2023-04-21T11:34:29.747,63.42,7.225,168.38,55.06
2023-04-21T11:34:30.817,63.42,7.216,168.51,55.09
2023-04-21T11:34:31.870,63.42,7.207,168.64,55.12
2023-04-21T11:34:32.956,63.42,7.197,168.77,55.15
2023-04-21T11:34:34.025,63.42,7.188,168.89,55.18
2023-04-21T11:34:35.111,63.42,7.18,169.02,55.21
2023-04-21T11:34:36.164,63.42,7.171,169.15,55.24
2023-04-21T11:34:37.234,63.42,7.163,169.28,55.27
2023-04-21T11:34:38.320,63.42,7.155,169.41,55.3
2023-04-21T11:34:39.375,63.42,7.147,169.53,55.33
2023-04-21T11:34:40.442,63.42,7.138,169.66,55.36
2023-04-21T11:34:41.528,63.42,7.13,169.79,55.39
2023-04-21T11:34:42.581,63.42,7.122,169.91,55.42
2023-04-21T11:34:43.683,63.42,7.114,170.04,55.45
2023-04-21T11:34:44.736,63.42,7.105,170.17,55.48
2023-04-21T11:34:45.822,63.42,7.098,170.3,55.51
2023-04-21T11:34:46.891,63.42,7.089,170.42,55.54
2023-04-21T11:34:47.945,63.42,7.081,170.55,55.57
2023-04-21T11:34:48.998,63.41,7.073,170.67,55.6
2023-04-21T11:34:50.068,63.42,7.065,170.8,55.63
2023-04-21T11:34:51.154,63.42,7.057,170.93,55.65
2023-04-21T11:34:52.207,63.42,7.049,171.05,55.68
2023-04-21T11:34:53.296,63.41,7.041,171.18,55.71
2023-04-21T11:34:54.346,63.41,7.033,171.3,55.74
2023-04-21T11:34:55.431,63.41,7.026,171.43,55.77
2023-04-21T11:34:56.501,63.41,7.018,171.55,55.8
2023-04-21T11:34:57.586,63.41,7.01,171.68,55.83
2023-04-21T11:34:58.651,63.41,7.003,171.8,55.86
2023-04-21T11:34:59.716,63.41,6.996,171.93,55.89
2023-04-21T11:35:00.795,63.41,6.988,172.05,55.92
2023-04-21T11:35:01.849,63.41,6.981,172.17,55.94
2023-04-21T11:35:02.934,63.41,6.975,172.3,55.97
2023-04-21T11:35:03.983,63.41,6.967,172.42,56
2023-04-21T11:35:05.064,63.41,6.96,172.55,56.03
2023-04-21T11:35:06.149,63.41,6.952,172.67,56.06
2023-04-21T11:35:07.196,63.41,6.945,172.8,56.09
2023-04-21T11:35:08.234,63.41,6.938,172.92,56.12
2023-04-21T11:35:09.287,63.41,6.93,173.04,56.14
2023-04-21T11:35:10.373,63.41,6.924,173.16,56.17
2023-04-21T11:35:11.442,63.41,6.918,173.28,56.2
2023-04-21T11:35:12.528,63.41,6.911,173.41,56.23
2023-04-21T11:35:13.613,63.41,6.903,173.54,56.26
2023-04-21T11:35:14.690,63.41,6.897,173.66,56.29
2023-04-21T11:35:15.769,63.41,6.89,173.78,56.32
2023-04-21T11:35:16.822,63.41,6.884,173.9,56.35
2023-04-21T11:35:17.859,63.41,6.877,174.02,56.37
2023-04-21T11:35:18.952,63.41,6.87,174.15,56.4
2023-04-21T11:35:20.015,63.41,6.863,174.27,56.43
2023-04-21T11:35:21.116,63.41,6.856,174.39,56.46
2023-04-21T11:35:22.153,63.41,6.848,174.51,56.49
2023-04-21T11:35:23.207,63.41,6.842,174.63,56.51
2023-04-21T11:35:24.276,63.41,6.837,174.76,56.54
2023-04-21T11:35:25.330,63.41,6.83,174.88,56.57
2023-04-21T11:35:26.448,63.4,6.823,175,56.6
2023-04-21T11:35:27.501,63.41,6.817,175.12,56.63
2023-04-21T11:35:28.571,63.4,6.812,175.24,56.66
2023-04-21T11:35:29.608,63.4,6.805,175.36,56.68
2023-04-21T11:35:30.694,63.4,6.799,175.48,56.71
2023-04-21T11:35:31.747,63.4,6.794,175.6,56.74
2023-04-21T11:35:32.849,63.4,6.788,175.73,56.77
2023-04-21T11:35:33.902,63.4,6.78,175.85,56.8
2023-04-21T11:35:34.960,63.4,6.775,175.97,56.82
2023-04-21T11:35:36.058,63.4,6.77,176.09,56.85
2023-04-21T11:35:37.095,63.4,6.764,176.21,56.88
2023-04-21T11:35:38.180,63.4,6.758,176.33,56.91
2023-04-21T11:35:39.266,63.4,6.752,176.45,56.94
2023-04-21T11:35:40.328,63.4,6.746,176.57,56.96
2023-04-21T11:35:41.437,63.4,6.741,176.69,56.99
2023-04-21T11:35:42.490,63.4,6.735,176.81,57.02
2023-04-21T11:35:43.544,63.4,6.73,176.93,57.05
2023-04-21T11:35:44.630,63.4,6.723,177.05,57.08
2023-04-21T11:35:45.715,63.39,6.719,177.17,57.1
2023-04-21T11:35:46.772,63.4,6.713,177.29,57.13
2023-04-21T11:35:47.870,63.4,6.708,177.41,57.16
2023-04-21T11:35:48.923,63.39,6.701,177.53,57.19
2023-04-21T11:35:50.009,63.39,6.695,177.65,57.22
2023-04-21T11:35:51.079,63.39,6.691,177.77,57.24
2023-04-21T11:35:52.164,63.39,6.685,177.89,57.27
2023-04-21T11:35:53.249,63.39,6.68,178.01,57.3
2023-04-21T11:35:54.303,63.39,6.676,178.13,57.33
2023-04-21T11:35:55.407,63.39,6.671,178.25,57.35
2023-04-21T11:35:56.458,63.39,6.666,178.37,57.38
2023-04-21T11:35:57.527,63.39,6.662,178.49,57.41
2023-04-21T11:35:58.620,63.39,6.655,178.61,57.44
2023-04-21T11:35:59.666,63.39,6.65,178.73,57.46
2023-04-21T11:36:00.752,63.39,6.646,178.85,57.49
2023-04-21T11:36:01.821,63.39,6.641,178.96,57.52
2023-04-21T11:36:02.891,63.39,6.636,179.08,57.55
2023-04-21T11:36:03.977,63.38,6.631,179.2,57.58
2023-04-21T11:36:05.030,63.38,6.627,179.32,57.6
2023-04-21T11:36:06.115,63.38,6.622,179.44,57.63
2023-04-21T11:36:07.185,63.38,6.618,179.56,57.66
2023-04-21T11:36:08.223,63.38,6.614,179.67,57.68
2023-04-21T11:36:09.328,63.38,6.609,179.79,57.71
2023-04-21T11:36:10.377,63.38,6.604,179.91,57.74
2023-04-21T11:36:11.479,63.38,6.599,180.03,57.77
2023-04-21T11:36:12.532,63.38,6.595,180.14,57.79
2023-04-21T11:36:13.634,63.38,6.591,180.27,57.82
2023-04-21T11:36:14.688,63.38,6.586,180.38,57.85
2023-04-21T11:36:15.773,63.38,6.582,180.5,57.88
2023-04-21T11:36:16.826,63.38,6.577,180.61,57.9
2023-04-21T11:36:17.896,63.37,6.573,180.73,57.93
2023-04-21T11:36:18.965,63.37,6.567,180.85,57.96
2023-04-21T11:36:20.019,63.37,6.563,180.97,57.98
2023-04-21T11:36:21.073,63.37,6.559,181.08,58.01
2023-04-21T11:36:22.142,63.37,6.555,181.2,58.04
2023-04-21T11:36:23.196,63.37,6.551,181.31,58.06
2023-04-21T11:36:24.297,63.37,6.547,181.43,58.09
2023-04-21T11:36:25.383,63.37,6.542,181.55,58.12
2023-04-21T11:36:26.436,63.37,6.538,181.66,58.15
2023-04-21T11:36:27.506,63.37,6.535,181.78,58.17
2023-04-21T11:36:28.591,63.37,6.53,181.9,58.2
2023-04-21T11:36:29.638,63.36,6.526,182.01,58.23
2023-04-21T11:36:30.746,63.36,6.522,182.13,58.26
2023-04-21T11:36:31.815,63.36,6.517,182.25,58.28
2023-04-21T11:36:32.901,63.36,6.513,182.37,58.31
2023-04-21T11:36:33.939,63.36,6.509,182.48,58.34
2023-04-21T11:36:34.992,63.36,6.506,182.59,58.36
2023-04-21T11:36:36.062,63.36,6.502,182.71,58.39
2023-04-21T11:36:37.115,63.36,6.498,182.82,58.42
2023-04-21T11:36:38.169,63.36,6.495,182.94,58.44
2023-04-21T11:36:39.270,63.36,6.49,183.06,58.47
2023-04-21T11:36:40.340,63.36,6.487,183.17,58.5
2023-04-21T11:36:41.441,63.36,6.484,183.29,58.52
2023-04-21T11:36:42.508,63.35,6.48,183.41,58.55
2023-04-21T11:36:43.604,63.35,6.476,183.52,58.58
2023-04-21T11:36:44.650,63.35,6.473,183.64,58.6
2023-04-21T11:36:45.704,63.35,6.469,183.75,58.63
2023-04-21T11:36:46.805,63.35,6.465,183.87,58.66
2023-04-21T11:36:47.858,63.35,6.462,183.98,58.68
2023-04-21T11:36:48.944,63.35,6.456,184.1,58.71
2023-04-21T11:36:50.014,63.35,6.454,184.21,58.74
2023-04-21T11:36:51.067,63.35,6.451,184.33,58.76
2023-04-21T11:36:52.153,63.35,6.448,184.44,58.79
2023-04-21T11:36:53.222,63.35,6.445,184.56,58.82
2023-04-21T11:36:54.275,63.34,6.441,184.67,58.84
2023-04-21T11:36:55.329,63.34,6.438,184.79,58.87
2023-04-21T11:36:56.398,63.34,6.434,184.9,58.9
2023-04-21T11:36:57.467,63.34,6.43,185.01,58.92
2023-04-21T11:36:58.521,63.34,6.428,185.13,58.95
2023-04-21T11:36:59.607,63.34,6.425,185.24,58.98
2023-04-21T11:37:00.677,63.34,6.422,185.36,59
2023-04-21T11:37:01.730,63.34,6.419,185.47,59.03
2023-04-21T11:37:02.816,63.34,6.416,185.59,59.06
2023-04-21T11:37:03.885,63.34,6.412,185.7,59.08
2023-04-21T11:37:04.939,63.33,6.409,185.81,59.11
2023-04-21T11:37:06.040,63.33,6.406,185.93,59.14
2023-04-21T11:37:07.094,63.33,6.403,186.04,59.16
2023-04-21T11:37:08.195,63.33,6.4,186.16,59.19
2023-04-21T11:37:09.249,63.33,6.398,186.27,59.22
2023-04-21T11:37:10.319,63.33,6.395,186.39,59.24
2023-04-21T11:37:11.356,63.33,6.391,186.5,59.27
2023-04-21T11:37:12.446,63.33,6.388,186.61,59.3
2023-04-21T11:37:13.527,63.33,6.386,186.73,59.32
2023-04-21T11:37:14.613,63.32,6.384,186.84,59.35
2023-04-21T11:37:15.682,63.32,6.379,186.96,59.38
2023-04-21T11:37:16.735,63.32,6.375,187.07,59.4
2023-04-21T11:37:17.853,63.32,6.371,187.19,59.43
2023-04-21T11:37:18.922,63.32,6.369,187.3,59.46
2023-04-21T11:37:19.976,63.32,6.365,187.41,59.48
2023-04-21T11:37:21.061,63.32,6.362,187.53,59.51
2023-04-21T11:37:22.115,63.32,6.358,187.64,59.53
2023-04-21T11:37:23.200,63.32,6.353,187.75,59.56
2023-04-21T11:37:24.270,63.32,6.351,187.87,59.59
2023-04-21T11:37:25.340,63.32,6.345,187.98,59.61
2023-04-21T11:37:26.393,63.32,6.34,188.09,59.64
2023-04-21T11:37:27.462,63.32,6.337,188.2,59.67
2023-04-21T11:37:28.548,63.32,6.332,188.32,59.69
2023-04-21T11:37:29.617,63.32,6.326,188.43,59.72
2023-04-21T11:37:30.671,63.32,6.321,188.54,59.74
2023-04-21T11:37:31.754,63.32,6.316,188.65,59.77
2023-04-21T11:37:32.794,63.32,6.311,188.77,59.8
2023-04-21T11:37:33.880,63.32,6.305,188.88,59.82
2023-04-21T11:37:34.981,63.32,6.301,188.99,59.85
2023-04-21T11:37:36.035,63.32,6.295,189.1,59.87
2023-04-21T11:37:37.104,63.32,6.289,189.22,59.9
2023-04-21T11:37:38.142,63.32,6.284,189.33,59.93
2023-04-21T11:37:39.227,63.32,6.278,189.44,59.95
2023-04-21T11:37:40.265,63.32,6.273,189.55,59.98
2023-04-21T11:37:41.360,63.32,6.266,189.66,60
2023-04-21T11:37:42.404,63.32,6.26,189.77,60.03
2023-04-21T11:37:43.489,63.32,6.255,189.88,60.06
2023-04-21T11:37:44.591,63.32,6.248,190,60.08
2023-04-21T11:37:45.644,63.32,6.242,190.11,60.11
2023-04-21T11:37:46.731,63.32,6.236,190.22,60.13
2023-04-21T11:37:47.831,63.32,6.231,190.34,60.16
2023-04-21T11:37:48.901,63.32,6.224,190.45,60.19
2023-04-21T11:37:50.018,63.32,6.219,190.56,60.21
2023-04-21T11:37:51.072,63.32,6.212,190.67,60.24
2023-04-21T11:37:52.141,63.32,6.206,190.78,60.26
2023-04-21T11:37:53.179,63.32,6.2,190.89,60.29
2023-04-21T11:37:54.216,63.32,6.194,191,60.31
2023-04-21T11:37:55.302,63.32,6.188,191.11,60.34
2023-04-21T11:37:56.388,63.32,6.181,191.22,60.37
2023-04-21T11:37:57.457,63.32,6.176,191.33,60.39
2023-04-21T11:37:58.516,63.32,6.17,191.44,60.42
2023-04-21T11:37:59.564,63.32,6.165,191.55,60.44
2023-04-21T11:38:00.617,63.32,6.159,191.65,60.47
2023-04-21T11:38:01.703,63.32,6.152,191.77,60.49
2023-04-21T11:38:02.756,63.32,6.145,191.87,60.52
2023-04-21T11:38:03.835,63.32,6.139,191.98,60.54
2023-04-21T11:38:04.928,63.32,6.131,192.09,60.57
2023-04-21T11:38:05.997,63.32,6.126,192.2,60.59
2023-04-21T11:38:07.083,63.32,6.119,192.31,60.62
2023-04-21T11:38:08.152,63.33,6.113,192.42,60.65
2023-04-21T11:38:09.190,63.33,6.106,192.53,60.67
2023-04-21T11:38:10.291,63.33,6.098,192.64,60.7
2023-04-21T11:38:11.353,63.33,6.091,192.75,60.72
2023-04-21T11:38:12.398,63.33,6.087,192.85,60.75
2023-04-21T11:38:13.468,63.33,6.08,192.96,60.77
2023-04-21T11:38:14.521,63.33,6.073,193.07,60.8
2023-04-21T11:38:15.575,63.33,6.066,193.17,60.82
2023-04-21T11:38:16.676,63.33,6.06,193.29,60.85
2023-04-21T11:38:17.762,63.33,6.053,193.4,60.87
2023-04-21T11:38:18.847,63.33,6.046,193.51,60.9
2023-04-21T11:38:19.933,63.33,6.041,193.62,60.92
2023-04-21T11:38:21.002,63.33,6.034,193.72,60.95
2023-04-21T11:38:22.088,63.33,6.028,193.83,60.97
2023-04-21T11:38:23.141,63.33,6.021,193.94,61
2023-04-21T11:38:24.211,63.33,6.014,194.04,61.02
2023-04-21T11:38:25.296,63.33,6.007,194.15,61.05
2023-04-21T11:38:26.366,63.33,6.001,194.26,61.07
2023-04-21T11:38:27.460,63.33,5.995,194.37,61.1
2023-04-21T11:38:28.505,63.33,5.988,194.47,61.12
2023-04-21T11:38:29.559,63.33,5.981,194.58,61.15
2023-04-21T11:38:30.612,63.33,5.974,194.68,61.17
2023-04-21T11:38:31.682,63.33,5.967,194.79,61.2
2023-04-21T11:38:32.719,63.34,5.962,194.89,61.22
2023-04-21T11:38:33.773,63.34,5.954,195,61.24
2023-04-21T11:38:34.842,63.34,5.948,195.1,61.27
2023-04-21T11:38:35.927,63.34,5.941,195.21,61.29
2023-04-21T11:38:36.965,63.34,5.933,195.31,61.32
2023-04-21T11:38:38.051,63.34,5.927,195.42,61.34
2023-04-21T11:38:39.104,63.34,5.92,195.52,61.37
2023-04-21T11:38:40.174,63.34,5.912,195.63,61.39
2023-04-21T11:38:41.243,63.34,5.905,195.74,61.42
2023-04-21T11:38:42.313,63.34,5.898,195.84,61.44
2023-04-21T11:38:43.382,63.34,5.892,195.94,61.46
2023-04-21T11:38:44.468,63.34,5.885,196.05,61.49
2023-04-21T11:38:45.538,63.34,5.879,196.16,61.51
2023-04-21T11:38:46.595,63.34,5.872,196.26,61.54
2023-04-21T11:38:47.692,63.34,5.864,196.37,61.56
2023-04-21T11:38:48.750,63.34,5.858,196.47,61.59
2023-04-21T11:38:49.831,63.34,5.851,196.58,61.61
2023-04-21T11:38:50.933,63.35,5.844,196.68,61.64
2023-04-21T11:38:51.970,63.34,5.837,196.78,61.66
2023-04-21T11:38:53.072,63.35,5.83,196.89,61.68
2023-04-21T11:38:54.109,63.35,5.823,196.99,61.71
2023-04-21T11:38:55.179,63.35,5.816,197.1,61.73
2023-04-21T11:38:56.232,63.35,5.809,197.2,61.75
2023-04-21T11:38:57.302,63.35,5.802,197.3,61.78
2023-04-21T11:38:58.398,63.35,5.796,197.41,61.8
2023-04-21T11:38:59.489,63.35,5.788,197.51,61.83
2023-04-21T11:39:00.568,63.35,5.78,197.61,61.85
2023-04-21T11:39:01.660,63.35,5.774,197.72,61.88
2023-04-21T11:39:02.729,63.35,5.767,197.82,61.9
2023-04-21T11:39:03.786,63.35,5.76,197.92,61.92
2023-04-21T11:39:04.869,63.35,5.754,198.03,61.95
2023-04-21T11:39:05.938,63.36,5.747,198.13,61.97
2023-04-21T11:39:06.991,63.35,5.74,198.23,62
2023-04-21T11:39:08.045,63.36,5.734,198.33,62.02
2023-04-21T11:39:09.083,63.36,5.727,198.43,62.04
2023-04-21T11:39:10.136,63.36,5.72,198.53,62.06
2023-04-21T11:39:11.242,63.36,5.711,198.64,62.09
2023-04-21T11:39:12.294,63.36,5.702,198.74,62.11
2023-04-21T11:39:13.377,63.36,5.693,198.84,62.14
2023-04-21T11:39:14.440,63.36,5.687,198.94,62.16
2023-04-21T11:39:15.500,63.36,5.68,199.04,62.18
2023-04-21T11:39:16.601,63.36,5.673,199.14,62.21
2023-04-21T11:39:17.677,63.36,5.666,199.25,62.23
2023-04-21T11:39:18.724,63.36,5.659,199.35,62.25
2023-04-21T11:39:19.810,63.36,5.652,199.45,62.28
2023-04-21T11:39:20.879,63.36,5.644,199.55,62.3
2023-04-21T11:39:21.965,63.36,5.637,199.65,62.32
2023-04-21T11:39:23.051,63.36,5.63,199.75,62.35
2023-04-21T11:39:24.126,63.36,5.624,199.85,62.37
2023-04-21T11:39:25.205,63.37,5.617,199.95,62.39
2023-04-21T11:39:26.291,63.37,5.61,200.05,62.42
2023-04-21T11:39:27.330,63.37,5.602,200.15,62.44
2023-04-21T11:39:28.395,63.37,5.596,200.25,62.46
2023-04-21T11:39:29.467,63.37,5.589,200.35,62.49
2023-04-21T11:39:30.521,63.37,5.583,200.45,62.51
2023-04-21T11:39:31.574,63.37,5.576,200.55,62.53
2023-04-21T11:39:32.660,63.37,5.569,200.65,62.56
2023-04-21T11:39:33.714,63.37,5.561,200.75,62.58
2023-04-21T11:39:34.783,63.37,5.553,200.84,62.6
2023-04-21T11:39:35.820,63.37,5.546,200.94,62.62
2023-04-21T11:39:36.901,63.37,5.541,201.04,62.65
2023-04-21T11:39:37.959,63.37,5.533,201.14,62.67
2023-04-21T11:39:39.070,63.38,5.526,201.24,62.69
2023-04-21T11:39:40.131,63.38,5.518,201.34,62.72
2023-04-21T11:39:41.168,63.38,5.512,201.43,62.74
2023-04-21T11:39:42.206,63.38,5.505,201.53,62.76
2023-04-21T11:39:43.275,63.38,5.499,201.63,62.78
2023-04-21T11:39:44.329,63.38,5.492,201.72,62.81
2023-04-21T11:39:45.424,63.38,5.484,201.82,62.83
2023-04-21T11:39:46.500,63.38,5.478,201.92,62.85
2023-04-21T11:39:47.553,63.38,5.47,202.02,62.87
2023-04-21T11:39:48.639,63.38,5.464,202.11,62.9
2023-04-21T11:39:49.692,63.38,5.457,202.21,62.92
2023-04-21T11:39:50.730,63.38,5.451,202.3,62.94
2023-04-21T11:39:51.783,63.38,5.444,202.4,62.96
2023-04-21T11:39:52.869,63.38,5.437,202.5,62.99
2023-04-21T11:39:53.922,63.38,5.429,202.59,63.01
2023-04-21T11:39:54.994,63.39,5.422,202.69,63.03
2023-04-21T11:39:56.093,63.39,5.415,202.79,63.05
2023-04-21T11:39:57.216,63.39,5.408,202.89,63.08
2023-04-21T11:39:58.296,63.39,5.401,202.99,63.1
2023-04-21T11:39:59.350,63.39,5.394,203.08,63.12
2023-04-21T11:40:00.403,63.39,5.387,203.18,63.14
2023-04-21T11:40:01.489,63.39,5.38,203.28,63.17
2023-04-21T11:40:02.559,63.39,5.373,203.37,63.19
2023-04-21T11:40:03.644,63.39,5.365,203.47,63.21
2023-04-21T11:40:04.729,63.39,5.359,203.56,63.23
2023-04-21T11:40:05.815,63.39,5.352,203.66,63.26
2023-04-21T11:40:06.878,63.39,5.347,203.75,63.28
2023-04-21T11:40:07.922,63.39,5.341,203.85,63.3
2023-04-21T11:40:09.008,63.39,5.336,203.95,63.32
2023-04-21T11:40:10.045,63.39,5.332,204.04,63.34
2023-04-21T11:40:11.099,63.39,5.327,204.13,63.36
2023-04-21T11:40:12.184,63.39,5.323,204.23,63.39
2023-04-21T11:40:13.238,63.39,5.319,204.32,63.41
2023-04-21T11:40:14.307,63.39,5.314,204.42,63.43
2023-04-21T11:40:15.380,63.39,5.311,204.51,63.45
2023-04-21T11:40:16.430,63.39,5.308,204.6,63.47
2023-04-21T11:40:17.500,63.39,5.303,204.7,63.5
2023-04-21T11:40:18.586,63.39,5.298,204.79,63.52
2023-04-21T11:40:19.639,63.39,5.295,204.89,63.54
2023-04-21T11:40:20.725,63.39,5.289,204.98,63.56
2023-04-21T11:40:21.778,63.39,5.285,205.07,63.58
2023-04-21T11:40:22.815,63.39,5.28,205.17,63.61
2023-04-21T11:40:23.869,63.39,5.276,205.26,63.63
2023-04-21T11:40:24.928,63.39,5.271,205.35,63.65
2023-04-21T11:40:26.008,63.39,5.266,205.45,63.67
2023-04-21T11:40:27.061,63.39,5.263,205.54,63.69
2023-04-21T11:40:28.163,63.39,5.259,205.64,63.71
2023-04-21T11:40:29.233,63.39,5.254,205.73,63.74
2023-04-21T11:40:30.318,63.39,5.249,205.82,63.76
2023-04-21T11:40:31.420,63.39,5.245,205.92,63.78
2023-04-21T11:40:32.489,63.39,5.241,206.01,63.8
2023-04-21T11:40:33.558,63.39,5.237,206.11,63.82
2023-04-21T11:40:34.644,63.39,5.234,206.2,63.85
2023-04-21T11:40:35.729,63.39,5.229,206.29,63.87
2023-04-21T11:40:36.783,63.39,5.226,206.39,63.89
2023-04-21T11:40:37.869,63.39,5.222,206.48,63.91
2023-04-21T11:40:38.922,63.39,5.217,206.57,63.93
2023-04-21T11:40:39.992,63.39,5.215,206.67,63.95
2023-04-21T11:40:41.077,63.39,5.211,206.76,63.98
2023-04-21T11:40:42.131,63.39,5.207,206.85,64
2023-04-21T11:40:43.185,63.39,5.204,206.94,64.02
2023-04-21T11:40:44.254,63.39,5.2,207.04,64.04
2023-04-21T11:40:45.324,63.39,5.196,207.13,64.06
2023-04-21T11:40:46.361,63.39,5.192,207.22,64.08
2023-04-21T11:40:47.430,63.39,5.19,207.31,64.1
2023-04-21T11:40:48.484,63.39,5.185,207.4,64.12
2023-04-21T11:40:49.570,63.39,5.181,207.49,64.15
2023-04-21T11:40:50.655,63.38,5.178,207.59,64.17
2023-04-21T11:40:51.719,63.38,5.176,207.68,64.19
2023-04-21T11:40:52.794,63.39,5.173,207.77,64.21
2023-04-21T11:40:53.863,63.39,5.17,207.86,64.23
2023-04-21T11:40:54.917,63.38,5.167,207.96,64.25
2023-04-21T11:40:55.987,63.38,5.162,208.05,64.27
2023-04-21T11:40:57.040,63.38,5.161,208.14,64.29
2023-04-21T11:40:58.125,63.38,5.157,208.23,64.32
2023-04-21T11:40:59.180,63.38,5.155,208.32,64.34
2023-04-21T11:41:00.233,63.38,5.152,208.41,64.36
2023-04-21T11:41:01.326,63.38,5.151,208.51,64.38
2023-04-21T11:41:02.372,63.38,5.148,208.6,64.4
2023-04-21T11:41:03.457,63.38,5.145,208.69,64.42
2023-04-21T11:41:04.559,63.38,5.141,208.78,64.44
2023-04-21T11:41:05.628,63.38,5.14,208.87,64.47
2023-04-21T11:41:06.730,63.38,5.136,208.97,64.49
2023-04-21T11:41:07.783,63.38,5.136,209.06,64.51
2023-04-21T11:41:08.869,63.38,5.134,209.15,64.53
2023-04-21T11:41:09.919,63.38,5.129,209.24,64.55
2023-04-21T11:41:10.976,63.37,5.131,209.33,64.57
2023-04-21T11:41:12.029,63.37,5.129,209.42,64.59
2023-04-21T11:41:13.115,63.37,5.127,209.51,64.61
2023-04-21T11:41:14.168,63.37,5.125,209.6,64.64
2023-04-21T11:41:15.246,63.37,5.124,209.7,64.66
2023-04-21T11:41:16.323,63.37,5.115,209.79,64.68
2023-04-21T11:41:17.387,63.37,5.114,209.88,64.7
2023-04-21T11:41:18.462,63.37,5.114,209.97,64.72
2023-04-21T11:41:19.545,63.37,5.116,210.06,64.74
2023-04-21T11:41:20.585,63.37,5.116,210.15,64.76
2023-04-21T11:41:21.703,63.36,5.115,210.25,64.78
2023-04-21T11:41:22.772,63.36,5.107,210.34,64.81
2023-04-21T11:41:23.858,63.36,5.104,210.43,64.83
2023-04-21T11:41:24.896,63.36,5.102,210.52,64.85
2023-04-21T11:41:25.949,63.36,5.099,210.61,64.87
2023-04-21T11:41:27.051,63.36,5.098,210.7,64.89
2023-04-21T11:41:28.143,63.36,5.097,210.79,64.91
2023-04-21T11:41:29.253,63.36,5.096,210.89,64.93
2023-04-21T11:41:30.307,63.35,5.096,210.98,64.95
2023-04-21T11:41:31.408,63.35,5.095,211.07,64.98
2023-04-21T11:41:32.494,63.35,5.095,211.16,65
2023-04-21T11:41:33.579,63.35,5.094,211.25,65.02
2023-04-21T11:41:34.682,63.35,5.095,211.35,65.04
2023-04-21T11:41:35.766,63.35,5.094,211.44,65.06
2023-04-21T11:41:36.820,63.35,5.093,211.53,65.08
2023-04-21T11:41:37.857,63.35,5.093,211.62,65.1
2023-04-21T11:41:38.970,63.35,5.092,211.71,65.12
2023-04-21T11:41:40.067,63.34,5.091,211.8,65.15
2023-04-21T11:41:41.130,63.34,5.09,211.89,65.17
2023-04-21T11:41:42.183,63.34,5.09,211.98,65.19
2023-04-21T11:41:43.285,63.34,5.089,212.08,65.21
2023-04-21T11:41:44.339,63.34,5.088,212.17,65.23
2023-04-21T11:41:45.408,63.34,5.088,212.26,65.25
2023-04-21T11:41:46.478,63.34,5.088,212.35,65.27
2023-04-21T11:41:47.522,63.34,5.088,212.44,65.29
2023-04-21T11:41:48.585,63.33,5.087,212.53,65.31
2023-04-21T11:41:49.654,63.33,5.087,212.62,65.34
2023-04-21T11:41:50.740,63.33,5.086,212.71,65.36
2023-04-21T11:41:51.793,63.33,5.085,212.8,65.38
2023-04-21T11:41:52.879,63.33,5.086,212.89,65.4
2023-04-21T11:41:53.948,63.33,5.086,212.98,65.42
2023-04-21T11:41:54.986,63.33,5.085,213.07,65.44
2023-04-21T11:41:56.055,63.33,5.085,213.16,65.46
2023-04-21T11:41:57.109,63.32,5.085,213.25,65.48
2023-04-21T11:41:58.195,63.32,5.086,213.34,65.5
2023-04-21T11:41:59.232,63.32,5.087,213.43,65.52
2023-04-21T11:42:00.317,63.32,5.086,213.52,65.55
2023-04-21T11:42:01.371,63.32,5.086,213.61,65.57
2023-04-21T11:42:02.441,63.32,5.086,213.7,65.59
2023-04-21T11:42:03.558,63.31,5.086,213.79,65.61
2023-04-21T11:42:04.612,63.31,5.087,213.88,65.63
2023-04-21T11:42:05.669,63.31,5.086,213.97,65.65
2023-04-21T11:42:06.734,63.31,5.087,214.06,65.67
2023-04-21T11:42:07.820,63.31,5.088,214.16,65.69
2023-04-21T11:42:08.905,63.31,5.088,214.25,65.71
2023-04-21T11:42:09.975,63.31,5.088,214.34,65.74
2023-04-21T11:42:11.029,63.31,5.088,214.43,65.76
2023-04-21T11:42:12.066,63.3,5.088,214.52,65.78
2023-04-21T11:42:13.133,63.3,5.089,214.6,65.8
2023-04-21T11:42:14.221,63.3,5.089,214.7,65.82
2023-04-21T11:42:15.275,63.3,5.089,214.79,65.84
2023-04-21T11:42:16.329,63.3,5.09,214.88,65.86
2023-04-21T11:42:17.430,63.3,5.091,214.97,65.88
2023-04-21T11:42:18.467,63.3,5.091,215.06,65.9
2023-04-21T11:42:19.530,63.29,5.09,215.15,65.92
2023-04-21T11:42:20.638,63.29,5.091,215.24,65.95
2023-04-21T11:42:21.708,63.29,5.091,215.33,65.97
2023-04-21T11:42:22.793,63.29,5.092,215.42,65.99
2023-04-21T11:42:23.847,63.29,5.093,215.51,66.01
2023-04-21T11:42:24.916,63.29,5.093,215.6,66.03
2023-04-21T11:42:26.002,63.28,5.093,215.7,66.05
2023-04-21T11:42:27.055,63.28,5.093,215.78,66.07
2023-04-21T11:42:28.125,63.28,5.095,215.88,66.09
2023-04-21T11:42:29.179,63.28,5.095,215.97,66.11
2023-04-21T11:42:30.264,63.28,5.096,216.06,66.13
2023-04-21T11:42:31.301,63.28,5.096,216.15,66.16
2023-04-21T11:42:32.355,63.28,5.096,216.23,66.18
2023-04-21T11:42:33.441,63.27,5.097,216.33,66.2
2023-04-21T11:42:34.510,63.27,5.098,216.42,66.22
2023-04-21T11:42:35.612,63.27,5.099,216.51,66.24
2023-04-21T11:42:36.665,63.27,5.1,216.6,66.26
2023-04-21T11:42:37.719,63.27,5.1,216.69,66.28
2023-04-21T11:42:38.820,63.26,5.102,216.78,66.3
2023-04-21T11:42:39.874,63.26,5.102,216.87,66.32
2023-04-21T11:42:40.943,63.26,5.103,216.96,66.35
2023-04-21T11:42:42.008,63.26,5.105,217.05,66.37
2023-04-21T11:42:43.098,63.26,5.105,217.15,66.39
2023-04-21T11:42:44.168,63.26,5.106,217.24,66.41
2023-04-21T11:42:45.281,63.25,5.107,217.33,66.43
2023-04-21T11:42:46.355,63.25,5.109,217.42,66.45
2023-04-21T11:42:47.408,63.25,5.111,217.51,66.47
2023-04-21T11:42:48.514,63.25,5.112,217.61,66.5
2023-04-21T11:42:49.563,63.25,5.113,217.7,66.52
2023-04-21T11:42:50.649,63.25,5.113,217.79,66.54
2023-04-21T11:42:51.718,63.25,5.114,217.88,66.56
2023-04-21T11:42:52.804,63.24,5.116,217.97,66.58
2023-04-21T11:42:53.873,63.24,5.117,218.06,66.6
2023-04-21T11:42:54.927,63.24,5.118,218.15,66.62
2023-04-21T11:42:55.980,63.24,5.119,218.24,66.64
2023-04-21T11:42:57.034,63.24,5.12,218.33,66.66
2023-04-21T11:42:58.088,63.23,5.122,218.42,66.69
2023-04-21T11:42:59.173,63.23,5.124,218.52,66.71
2023-04-21T11:43:00.226,63.23,5.125,218.61,66.73
2023-04-21T11:43:01.264,63.23,5.126,218.69,66.75
2023-04-21T11:43:02.336,63.23,5.127,218.79,66.77
2023-04-21T11:43:03.403,63.23,5.129,218.88,66.79
2023-04-21T11:43:04.441,63.23,5.13,218.97,66.81
2023-04-21T11:43:05.510,63.22,5.131,219.06,66.83
2023-04-21T11:43:06.580,63.22,5.132,219.15,66.85
2023-04-21T11:43:07.633,63.22,5.134,219.24,66.88
2023-04-21T11:43:08.687,63.22,5.136,219.33,66.9
2023-04-21T11:43:09.788,63.22,5.137,219.42,66.92
2023-04-21T11:43:10.843,63.21,5.138,219.51,66.94
2023-04-21T11:43:11.879,63.21,5.139,219.6,66.96
2023-04-21T11:43:12.981,63.21,5.141,219.7,66.98
2023-04-21T11:43:14.067,63.21,5.142,219.79,67
2023-04-21T11:43:15.168,63.21,5.142,219.88,67.02
2023-04-21T11:43:16.237,63.2,5.145,219.98,67.05
2023-04-21T11:43:17.291,63.2,5.147,220.07,67.07
2023-04-21T11:43:18.376,63.2,5.148,220.16,67.09
2023-04-21T11:43:19.446,63.2,5.15,220.25,67.11
2023-04-21T11:43:20.500,63.2,5.152,220.34,67.13
2023-04-21T11:43:21.569,63.19,5.154,220.43,67.15
2023-04-21T11:43:22.670,63.19,5.155,220.53,67.17
2023-04-21T11:43:23.708,63.19,5.156,220.62,67.2
2023-04-21T11:43:24.771,63.19,5.159,220.71,67.22
2023-04-21T11:43:25.863,63.19,5.16,220.8,67.24
2023-04-21T11:43:26.933,63.19,5.162,220.89,67.26
2023-04-21T11:43:28.002,63.18,5.164,220.98,67.28
2023-04-21T11:43:29.072,63.18,5.166,221.08,67.3
2023-04-21T11:43:30.109,63.18,5.168,221.17,67.32
2023-04-21T11:43:31.179,63.18,5.17,221.26,67.35
2023-04-21T11:43:32.233,63.18,5.171,221.35,67.37
2023-04-21T11:43:33.334,63.18,5.173,221.44,67.39
2023-04-21T11:43:34.403,63.17,5.176,221.54,67.41
2023-04-21T11:43:35.489,63.17,5.177,221.63,67.43
2023-04-21T11:43:36.558,63.17,5.179,221.72,67.45
2023-04-21T11:43:37.660,63.17,5.18,221.82,67.48
2023-04-21T11:43:38.745,63.16,5.184,221.91,67.5
2023-04-21T11:43:39.799,63.16,5.185,222,67.52
2023-04-21T11:43:40.900,63.16,5.187,222.1,67.54
2023-04-21T11:43:41.938,63.16,5.191,222.19,67.56
2023-04-21T11:43:42.991,63.16,5.191,222.28,67.58
2023-04-21T11:43:44.045,63.16,5.192,222.37,67.6
2023-04-21T11:43:45.131,63.15,5.194,222.46,67.63
2023-04-21T11:43:46.168,63.15,5.196,222.55,67.65
2023-04-21T11:43:47.237,63.15,5.201,222.64,67.67
2023-04-21T11:43:48.339,63.15,5.211,222.74,67.69
2023-04-21T11:43:49.392,63.15,5.216,222.83,67.71
2023-04-21T11:43:50.430,63.15,5.219,222.92,67.73
2023-04-21T11:43:51.532,63.15,5.221,223.02,67.76
2023-04-21T11:43:52.585,63.14,5.221,223.11,67.78
2023-04-21T11:43:53.639,63.14,5.223,223.2,67.8
2023-04-21T11:43:54.724,63.14,5.225,223.29,67.82
2023-04-21T11:43:55.778,63.14,5.226,223.39,67.84
2023-04-21T11:43:56.831,63.14,5.227,223.48,67.86
2023-04-21T11:43:57.901,63.14,5.227,223.57,67.88
2023-04-21T11:43:58.954,63.13,5.23,223.66,67.91
2023-04-21T11:44:00.008,63.13,5.231,223.75,67.93
2023-04-21T11:44:01.062,63.13,5.233,223.84,67.95
2023-04-21T11:44:02.147,63.13,5.234,223.94,67.97
2023-04-21T11:44:03.201,63.12,5.236,224.03,67.99
2023-04-21T11:44:04.286,63.13,5.238,224.13,68.01
2023-04-21T11:44:05.388,63.12,5.24,224.22,68.04
2023-04-21T11:44:06.457,63.12,5.241,224.32,68.06
2023-04-21T11:44:07.543,63.12,5.243,224.41,68.08
2023-04-21T11:44:08.612,63.12,5.245,224.5,68.1
2023-04-21T11:44:09.713,63.11,5.248,224.6,68.12
2023-04-21T11:44:10.751,63.11,5.25,224.69,68.15
2023-04-21T11:44:11.821,63.11,5.252,224.79,68.17
2023-04-21T11:44:12.890,63.11,5.254,224.88,68.19
2023-04-21T11:44:13.944,63.11,5.256,224.97,68.21
2023-04-21T11:44:15.013,63.1,5.259,225.06,68.23
2023-04-21T11:44:16.083,63.1,5.26,225.16,68.25
2023-04-21T11:44:17.152,63.1,5.262,225.25,68.28
2023-04-21T11:44:18.222,63.1,5.264,225.35,68.3
2023-04-21T11:44:19.291,63.1,5.267,225.44,68.32
2023-04-21T11:44:20.345,63.1,5.269,225.53,68.34
2023-04-21T11:44:21.430,63.1,5.271,225.63,68.36
2023-04-21T11:44:22.484,63.09,5.273,225.72,68.39
2023-04-21T11:44:23.569,63.09,5.275,225.81,68.41
2023-04-21T11:44:24.628,63.09,5.278,225.91,68.43
2023-04-21T11:44:25.709,63.09,5.281,226,68.45
2023-04-21T11:44:26.762,63.08,5.284,226.09,68.47
2023-04-21T11:44:27.802,63.08,5.286,226.19,68.49
2023-04-21T11:44:28.901,63.08,5.287,226.28,68.52
2023-04-21T11:44:29.955,63.08,5.291,226.38,68.54
2023-04-21T11:44:31.008,63.08,5.294,226.47,68.56
2023-04-21T11:44:32.094,63.07,5.298,226.56,68.58
2023-04-21T11:44:33.147,63.07,5.299,226.66,68.6
2023-04-21T11:44:34.233,63.07,5.302,226.75,68.63
2023-04-21T11:44:35.334,63.07,5.305,226.85,68.65
2023-04-21T11:44:36.404,63.07,5.308,226.95,68.67
2023-04-21T11:44:37.473,63.06,5.31,227.04,68.69
2023-04-21T11:44:38.563,63.06,5.312,227.14,68.72
2023-04-21T11:44:39.612,63.06,5.314,227.23,68.74
2023-04-21T11:44:40.682,63.06,5.317,227.32,68.76
2023-04-21T11:44:41.776,63.05,5.32,227.42,68.78
2023-04-21T11:44:42.821,63.05,5.323,227.51,68.8
2023-04-21T11:44:43.890,63.05,5.326,227.61,68.83
2023-04-21T11:44:44.976,63.05,5.329,227.7,68.85
2023-04-21T11:44:46.045,63.05,5.331,227.8,68.87
2023-04-21T11:44:47.099,63.05,5.332,227.89,68.89
2023-04-21T11:44:48.163,63.04,5.335,227.99,68.91
2023-04-21T11:44:49.238,63.04,5.338,228.08,68.94
2023-04-21T11:44:50.291,63.04,5.34,228.18,68.96
2023-04-21T11:44:51.361,63.04,5.341,228.27,68.98
2023-04-21T11:44:52.447,63.04,5.344,228.37,69
2023-04-21T11:44:53.500,63.03,5.345,228.46,69.03
2023-04-21T11:44:54.578,63.03,5.347,228.56,69.05
2023-04-21T11:44:55.680,63.03,5.349,228.66,69.07
2023-04-21T11:44:56.741,63.03,5.349,228.75,69.09
2023-04-21T11:44:57.820,63.03,5.351,228.85,69.11
2023-04-21T11:44:58.928,63.03,5.352,228.94,69.14
2023-04-21T11:44:59.981,63.02,5.352,229.04,69.16
2023-04-21T11:45:01.035,63.02,5.353,229.13,69.18
2023-04-21T11:45:02.136,63.02,5.353,229.23,69.2
2023-04-21T11:45:03.190,63.02,5.354,229.33,69.23
2023-04-21T11:45:04.259,63.02,5.354,229.42,69.25
2023-04-21T11:45:05.297,63.02,5.353,229.51,69.27
2023-04-21T11:45:06.366,63.02,5.353,229.61,69.29
2023-04-21T11:45:07.468,63.02,5.352,229.71,69.32
2023-04-21T11:45:08.521,63.02,5.352,229.8,69.34
2023-04-21T11:45:09.607,63.02,5.35,229.9,69.36
2023-04-21T11:45:10.676,63.02,5.348,229.99,69.38
2023-04-21T11:45:11.720,63.02,5.348,230.09,69.4
2023-04-21T11:45:12.799,63.01,5.346,230.18,69.43
2023-04-21T11:45:13.901,63.01,5.344,230.28,69.45
2023-04-21T11:45:14.970,63.01,5.343,230.37,69.47
2023-04-21T11:45:16.081,63.01,5.341,230.47,69.49
2023-04-21T11:45:17.141,63.01,5.34,230.57,69.52
2023-04-21T11:45:18.211,63.01,5.337,230.66,69.54
2023-04-21T11:45:19.265,63.01,5.336,230.76,69.56
2023-04-21T11:45:20.318,63.01,5.334,230.85,69.58
2023-04-21T11:45:21.387,63.01,5.331,230.95,69.6
2023-04-21T11:45:22.441,63.01,5.329,231.04,69.63
2023-04-21T11:45:23.543,63.01,5.327,231.14,69.65
2023-04-21T11:45:24.612,63.01,5.324,231.23,69.67
2023-04-21T11:45:25.682,63.01,5.323,231.33,69.69
2023-04-21T11:45:26.760,63.01,5.32,231.42,69.72
2023-04-21T11:45:27.805,63.01,5.317,231.51,69.74
2023-04-21T11:45:28.858,63.01,5.316,231.61,69.76
2023-04-21T11:45:29.912,63.01,5.313,231.7,69.78
2023-04-21T11:45:31.013,63.01,5.312,231.8,69.8
2023-04-21T11:45:32.067,63.01,5.309,231.89,69.83
2023-04-21T11:45:33.132,63.01,5.307,231.98,69.85
2023-04-21T11:45:34.237,63.01,5.304,232.08,69.87
2023-04-21T11:45:35.296,63.01,5.302,232.18,69.89
2023-04-21T11:45:36.361,63.01,5.299,232.27,69.91
2023-04-21T11:45:37.446,63.01,5.297,232.37,69.94
2023-04-21T11:45:38.484,63.01,5.295,232.46,69.96
2023-04-21T11:45:39.580,63.01,5.291,232.55,69.98
2023-04-21T11:45:40.639,63.01,5.289,232.65,70
2023-04-21T11:45:41.708,63.01,5.286,232.74,70.02
2023-04-21T11:45:42.762,63.01,5.284,232.83,70.05
2023-04-21T11:45:43.832,63.01,5.28,232.93,70.07
2023-04-21T11:45:44.901,63.01,5.277,233.02,70.09
2023-04-21T11:45:45.939,63.01,5.274,233.11,70.11
2023-04-21T11:45:47.008,63.01,5.271,233.21,70.13
2023-04-21T11:45:48.046,63.01,5.268,233.3,70.15
2023-04-21T11:45:49.116,63.01,5.264,233.39,70.18
2023-04-21T11:45:50.201,63.01,5.262,233.49,70.2
2023-04-21T11:45:51.255,63.01,5.259,233.58,70.22
2023-04-21T11:45:52.356,63.01,5.256,233.68,70.24
2023-04-21T11:45:53.409,63.01,5.254,233.77,70.26
2023-04-21T11:45:54.511,63.01,5.25,233.87,70.29
2023-04-21T11:45:55.549,63.01,5.247,233.96,70.31
2023-04-21T11:45:56.602,63.01,5.245,234.05,70.33
2023-04-21T11:45:57.671,63.01,5.241,234.14,70.35
2023-04-21T11:45:58.741,63.01,5.238,234.23,70.37
2023-04-21T11:45:59.779,63.01,5.236,234.33,70.39
2023-04-21T11:46:00.832,63.01,5.233,234.42,70.42
2023-04-21T11:46:01.923,63.01,5.229,234.51,70.44
2023-04-21T11:46:02.971,63.01,5.224,234.6,70.46
2023-04-21T11:46:04.072,63.01,5.221,234.7,70.48
2023-04-21T11:46:05.142,63.01,5.219,234.79,70.5
2023-04-21T11:46:06.194,63.01,5.215,234.88,70.52
2023-04-21T11:46:07.249,63.01,5.211,234.97,70.55
2023-04-21T11:46:08.325,63.01,5.208,235.07,70.57
2023-04-21T11:46:09.388,63.01,5.205,235.16,70.59
2023-04-21T11:46:10.458,63.01,5.202,235.25,70.61
2023-04-21T11:46:11.512,63.01,5.198,235.34,70.63
2023-04-21T11:46:12.565,63.01,5.194,235.44,70.65
2023-04-21T11:46:13.650,63.01,5.191,235.53,70.68
2023-04-21T11:46:14.722,63.01,5.188,235.62,70.7
2023-04-21T11:46:15.790,63.01,5.183,235.71,70.72
2023-04-21T11:46:16.871,63.01,5.18,235.81,70.74
2023-04-21T11:46:17.945,63.01,5.176,235.9,70.76
2023-04-21T11:46:19.004,63.01,5.172,235.99,70.78
2023-04-21T11:46:20.068,63.01,5.17,236.08,70.8
2023-04-21T11:46:21.138,63.01,5.166,236.17,70.83
2023-04-21T11:46:22.218,63.01,5.162,236.27,70.85
2023-04-21T11:46:23.292,63.01,5.157,236.36,70.87
2023-04-21T11:46:24.378,63.01,5.154,236.45,70.89
2023-04-21T11:46:25.431,63.01,5.15,236.54,70.91
2023-04-21T11:46:26.517,63.01,5.145,236.64,70.93
2023-04-21T11:46:27.570,63.01,5.141,236.73,70.96
2023-04-21T11:46:28.633,63.01,5.14,236.82,70.98
2023-04-21T11:46:29.693,63.01,5.138,236.91,71
2023-04-21T11:46:30.763,63.01,5.133,237,71.02
2023-04-21T11:46:31.817,63.01,5.131,237.09,71.04
2023-04-21T11:46:32.918,63.01,5.12,237.18,71.06
2023-04-21T11:46:33.956,63.01,5.111,237.27,71.08
2023-04-21T11:46:35.057,63.01,5.106,237.37,71.1
2023-04-21T11:46:36.126,63.01,5.103,237.46,71.13
2023-04-21T11:46:37.196,63.01,5.101,237.55,71.15
2023-04-21T11:46:38.281,63.01,5.098,237.64,71.17
2023-04-21T11:46:39.351,63.01,5.095,237.73,71.19
2023-04-21T11:46:40.405,63.01,5.092,237.82,71.21
2023-04-21T11:46:41.443,63.01,5.089,237.91,71.23
2023-04-21T11:46:42.528,63.01,5.086,238,71.25
2023-04-21T11:46:43.568,63.02,5.082,238.09,71.27
2023-04-21T11:46:44.635,63.02,5.078,238.18,71.29
2023-04-21T11:46:45.736,63.01,5.074,238.27,71.32
2023-04-21T11:46:46.807,63.01,5.07,238.36,71.34
2023-04-21T11:46:47.922,63.02,5.067,238.46,71.36
2023-04-21T11:46:48.984,63.02,5.062,238.55,71.38
2023-04-21T11:46:50.052,63.02,5.062,238.63,71.4
2023-04-21T11:46:51.132,63.02,5.061,238.73,71.42
2023-04-21T11:46:52.185,63.02,5.062,238.82,71.44
2023-04-21T11:46:53.271,63.02,5.061,238.91,71.46
2023-04-21T11:46:54.363,63.02,5.06,239,71.49
2023-04-21T11:46:55.426,63.02,5.062,239.09,71.51
2023-04-21T11:46:56.495,63.02,5.062,239.18,71.53
2023-04-21T11:46:57.581,63.03,5.064,239.27,71.55
2023-04-21T11:46:58.651,63.03,5.063,239.36,71.57
2023-04-21T11:46:59.720,63.03,5.061,239.45,71.59
2023-04-21T11:47:00.774,63.03,5.059,239.54,71.61
2023-04-21T11:47:01.843,63.03,5.056,239.63,71.63
2023-04-21T11:47:02.897,63.03,5.054,239.72,71.65
2023-04-21T11:47:03.950,63.04,5.05,239.81,71.67
2023-04-21T11:47:05.036,63.04,5.048,239.9,71.7
2023-04-21T11:47:06.105,63.04,5.045,239.99,71.72
2023-04-21T11:47:07.174,63.04,5.043,240.08,71.74
2023-04-21T11:47:08.228,63.04,5.039,240.17,71.76
2023-04-21T11:47:09.315,63.04,5.036,240.26,71.78
2023-04-21T11:47:10.399,63.05,5.032,240.35,71.8
2023-04-21T11:47:11.437,63.05,5.029,240.44,71.82
2023-04-21T11:47:12.522,63.05,5.025,240.53,71.84
2023-04-21T11:47:13.594,63.05,5.021,240.62,71.86
2023-04-21T11:47:14.725,63.05,5.019,240.71,71.89
2023-04-21T11:47:15.795,63.05,5.015,240.8,71.91
2023-04-21T11:47:16.928,63.06,5.011,240.89,71.93
2023-04-21T11:47:17.981,63.06,5.006,240.98,71.95
2023-04-21T11:47:19.061,63.06,5.003,241.07,71.97
2023-04-21T11:47:20.121,63.06,4.999,241.16,71.99
2023-04-21T11:47:21.158,63.06,4.995,241.25,72.01
2023-04-21T11:47:22.244,63.06,4.991,241.34,72.03
2023-04-21T11:47:23.281,63.06,4.987,241.42,72.05
2023-04-21T11:47:24.367,63.06,4.981,241.51,72.07
2023-04-21T11:47:25.420,63.06,4.977,241.6,72.09
2023-04-21T11:47:26.499,63.07,4.973,241.69,72.11
2023-04-21T11:47:27.559,63.07,4.968,241.78,72.13
2023-04-21T11:47:28.613,63.07,4.964,241.87,72.15
2023-04-21T11:47:29.699,63.07,4.96,241.95,72.18
2023-04-21T11:47:30.810,63.07,4.955,242.05,72.2
2023-04-21T11:47:31.901,63.07,4.95,242.14,72.22
2023-04-21T11:47:33.003,63.08,4.945,242.23,72.24
2023-04-21T11:47:34.112,63.08,4.941,242.32,72.26
2023-04-21T11:47:35.211,63.08,4.936,242.41,72.28
2023-04-21T11:47:36.275,63.08,4.931,242.5,72.3
2023-04-21T11:47:37.361,63.08,4.927,242.59,72.32
2023-04-21T11:47:38.430,63.08,4.923,242.67,72.34
2023-04-21T11:47:39.484,63.08,4.918,242.76,72.36
2023-04-21T11:47:40.570,63.08,4.913,242.85,72.38
2023-04-21T11:47:41.623,63.08,4.91,242.94,72.4
2023-04-21T11:47:42.692,63.09,4.905,243.02,72.42
2023-04-21T11:47:43.768,63.09,4.902,243.11,72.45
2023-04-21T11:47:44.815,63.09,4.899,243.19,72.46
2023-04-21T11:47:45.869,63.09,4.896,243.28,72.48
2023-04-21T11:47:46.938,63.09,4.893,243.37,72.51
2023-04-21T11:47:47.992,63.09,4.891,243.45,72.53
2023-04-21T11:47:49.069,63.09,4.89,243.54,72.55
2023-04-21T11:47:50.147,63.09,4.887,243.63,72.57
2023-04-21T11:47:51.185,63.08,4.885,243.71,72.59
2023-04-21T11:47:52.241,63.09,4.884,243.8,72.61
2023-04-21T11:47:53.329,63.08,4.881,243.89,72.63
2023-04-21T11:47:54.393,63.09,4.88,243.98,72.65
2023-04-21T11:47:55.479,63.08,4.877,244.06,72.67
2023-04-21T11:47:56.548,63.08,4.876,244.15,72.69
2023-04-21T11:47:57.602,63.09,4.874,244.24,72.71
2023-04-21T11:47:58.719,63.08,4.871,244.33,72.73
2023-04-21T11:47:59.805,63.09,4.87,244.41,72.75
2023-04-21T11:48:00.858,63.08,4.867,244.5,72.77
2023-04-21T11:48:01.962,63.08,4.865,244.59,72.79
2023-04-21T11:48:03.030,63.08,4.863,244.68,72.81
2023-04-21T11:48:04.099,63.08,4.86,244.76,72.83
2023-04-21T11:48:05.169,63.09,4.859,244.85,72.85
2023-04-21T11:48:06.287,63.08,4.856,244.94,72.87
2023-04-21T11:48:07.383,63.08,4.855,245.03,72.89
2023-04-21T11:48:08.441,63.08,4.852,245.11,72.91
2023-04-21T11:48:09.510,63.08,4.85,245.2,72.93
2023-04-21T11:48:10.564,63.08,4.849,245.28,72.95
2023-04-21T11:48:11.649,63.08,4.846,245.37,72.97
2023-04-21T11:48:12.719,63.08,4.845,245.46,72.99
2023-04-21T11:48:13.756,63.08,4.842,245.54,73.01
2023-04-21T11:48:14.794,63.08,4.841,245.63,73.03
2023-04-21T11:48:15.895,63.08,4.839,245.71,73.05
2023-04-21T11:48:16.965,63.08,4.838,245.8,73.07
2023-04-21T11:48:18.067,63.08,4.837,245.89,73.09
2023-04-21T11:48:19.147,63.08,4.834,245.98,73.11
2023-04-21T11:48:20.221,63.08,4.833,246.06,73.13
2023-04-21T11:48:21.284,63.08,4.831,246.15,73.15
2023-04-21T11:48:22.393,63.08,4.83,246.24,73.17
2023-04-21T11:48:23.446,63.08,4.83,246.32,73.19
2023-04-21T11:48:24.484,63.08,4.827,246.41,73.21
2023-04-21T11:48:25.547,63.08,4.826,246.49,73.23
2023-04-21T11:48:26.607,63.08,4.825,246.58,73.25
2023-04-21T11:48:27.676,63.08,4.823,246.66,73.27
2023-04-21T11:48:28.746,63.08,4.823,246.75,73.29
2023-04-21T11:48:29.809,63.08,4.823,246.83,73.31
2023-04-21T11:48:30.880,63.07,4.822,246.92,73.33
2023-04-21T11:48:31.970,63.07,4.82,247.01,73.35
2023-04-21T11:48:33.024,63.07,4.82,247.09,73.37
2023-04-21T11:48:34.126,63.07,4.82,247.18,73.39
2023-04-21T11:48:35.227,63.07,4.819,247.27,73.42
2023-04-21T11:48:36.280,63.07,4.818,247.35,73.43
2023-04-21T11:48:37.382,63.07,4.817,247.44,73.46
2023-04-21T11:48:38.451,63.07,4.817,247.53,73.48
2023-04-21T11:48:39.505,63.07,4.817,247.61,73.5
2023-04-21T11:48:40.559,63.07,4.816,247.7,73.52
2023-04-21T11:48:41.617,63.07,4.816,247.78,73.53
2023-04-21T11:48:42.681,63.06,4.816,247.87,73.55
2023-04-21T11:48:43.751,63.06,4.816,247.95,73.57
2023-04-21T11:48:44.827,63.06,4.817,248.04,73.59
2023-04-21T11:48:45.906,63.06,4.817,248.13,73.62
2023-04-21T11:48:46.975,63.06,4.817,248.21,73.64
2023-04-21T11:48:48.045,63.06,4.818,248.3,73.65
2023-04-21T11:48:49.147,63.06,4.818,248.39,73.68
2023-04-21T11:48:50.200,63.06,4.819,248.47,73.7
2023-04-21T11:48:51.254,63.06,4.818,248.55,73.72
2023-04-21T11:48:52.323,63.06,4.819,248.64,73.74
2023-04-21T11:48:53.361,63.05,4.818,248.72,73.75
2023-04-21T11:48:54.430,63.05,4.819,248.81,73.77
2023-04-21T11:48:55.532,63.05,4.82,248.9,73.8
2023-04-21T11:48:56.601,63.05,4.82,248.98,73.82
2023-04-21T11:48:57.687,63.05,4.821,249.07,73.84
2023-04-21T11:48:58.741,63.05,4.821,249.15,73.86
2023-04-21T11:48:59.794,63.05,4.821,249.24,73.88
2023-04-21T11:49:00.880,63.05,4.823,249.33,73.9
2023-04-21T11:49:01.965,63.05,4.823,249.41,73.92
2023-04-21T11:49:03.019,63.04,4.824,249.5,73.94
2023-04-21T11:49:04.120,63.04,4.825,249.59,73.96
2023-04-21T11:49:05.173,63.04,4.825,249.67,73.98
2023-04-21T11:49:06.259,63.04,4.827,249.76,74
2023-04-21T11:49:07.344,63.04,4.827,249.85,74.02
2023-04-21T11:49:08.423,63.04,4.828,249.93,74.04
2023-04-21T11:49:09.484,63.03,4.829,250.02,74.06
2023-04-21T11:49:10.585,63.03,4.83,250.11,74.08
2023-04-21T11:49:11.643,63.03,4.833,250.19,74.1
2023-04-21T11:49:12.724,63.03,4.834,250.28,74.12
2023-04-21T11:49:13.781,63.03,4.834,250.36,74.14
2023-04-21T11:49:14.831,63.03,4.835,250.45,74.16
2023-04-21T11:49:15.901,63.03,4.838,250.53,74.18
2023-04-21T11:49:16.970,63.02,4.839,250.62,74.2
2023-04-21T11:49:18.044,63.02,4.84,250.71,74.22
2023-04-21T11:49:19.109,63.02,4.843,250.79,74.24
2023-04-21T11:49:20.195,63.02,4.843,250.88,74.26
2023-04-21T11:49:21.264,63.02,4.845,250.97,74.28
2023-04-21T11:49:22.390,63.02,4.846,251.06,74.3
2023-04-21T11:49:23.478,63.01,4.848,251.14,74.32
2023-04-21T11:49:24.568,63.01,4.85,251.23,74.34
2023-04-21T11:49:25.622,63.01,4.852,251.32,74.36
2023-04-21T11:49:26.691,63.01,4.853,251.41,74.38
2023-04-21T11:49:27.745,63.01,4.854,251.49,74.4
2023-04-21T11:49:28.790,63,4.857,251.57,74.42
2023-04-21T11:49:29.852,63,4.859,251.66,74.44
2023-04-21T11:49:30.938,63,4.86,251.75,74.46
2023-04-21T11:49:31.991,63,4.861,251.83,74.48
2023-04-21T11:49:33.045,63,4.865,251.92,74.5
2023-04-21T11:49:34.115,63,4.866,252.01,74.52
2023-04-21T11:49:35.184,62.99,4.869,252.09,74.54
2023-04-21T11:49:36.253,62.99,4.87,252.18,74.56
2023-04-21T11:49:37.323,62.99,4.873,252.27,74.58
2023-04-21T11:49:38.361,62.99,4.875,252.35,74.6
2023-04-21T11:49:39.462,62.99,4.877,252.44,74.62
2023-04-21T11:49:40.516,62.99,4.879,252.53,74.64
2023-04-21T11:49:41.553,62.98,4.881,252.61,74.66
2023-04-21T11:49:42.608,62.98,4.884,252.7,74.68
2023-04-21T11:49:43.708,62.98,4.887,252.78,74.7
2023-04-21T11:49:44.762,62.98,4.889,252.87,74.72
2023-04-21T11:49:45.815,62.98,4.891,252.96,74.74
2023-04-21T11:49:46.917,62.97,4.893,253.05,74.76
2023-04-21T11:49:47.954,62.97,4.895,253.13,74.78
2023-04-21T11:49:49.024,62.97,4.898,253.22,74.8
2023-04-21T11:49:50.098,62.97,4.9,253.31,74.82
2023-04-21T11:49:51.163,62.97,4.902,253.39,74.85
2023-04-21T11:49:52.265,62.96,4.905,253.48,74.87
2023-04-21T11:49:53.350,62.96,4.907,253.57,74.89
2023-04-21T11:49:54.419,62.96,4.91,253.66,74.91
2023-04-21T11:49:55.489,62.96,4.912,253.75,74.93
2023-04-21T11:49:56.551,62.96,4.916,253.83,74.95
2023-04-21T11:49:57.623,62.95,4.916,253.92,74.97
2023-04-21T11:49:58.700,62.95,4.92,254.01,74.99
2023-04-21T11:49:59.799,62.95,4.923,254.1,75.01
2023-04-21T11:50:00.868,62.95,4.926,254.19,75.03
2023-04-21T11:50:01.922,62.95,4.928,254.27,75.05
2023-04-21T11:50:03.023,62.95,4.93,254.36,75.07
2023-04-21T11:50:04.093,62.94,4.935,254.45,75.09
2023-04-21T11:50:05.151,62.94,4.937,254.54,75.11
2023-04-21T11:50:06.222,62.94,4.94,254.63,75.13
2023-04-21T11:50:07.285,62.94,4.943,254.71,75.15
2023-04-21T11:50:08.340,62.94,4.945,254.8,75.17
2023-04-21T11:50:09.425,62.93,4.948,254.89,75.2
2023-04-21T11:50:10.479,62.93,4.951,254.98,75.22
2023-04-21T11:50:11.548,62.93,4.954,255.06,75.24
2023-04-21T11:50:12.633,62.93,4.956,255.15,75.26
2023-04-21T11:50:13.687,62.93,4.959,255.24,75.28
2023-04-21T11:50:14.740,62.92,4.963,255.33,75.3
2023-04-21T11:50:15.842,62.92,4.965,255.42,75.32
2023-04-21T11:50:16.895,62.92,4.968,255.51,75.34
2023-04-21T11:50:17.949,62.92,4.97,255.59,75.36
2023-04-21T11:50:19.049,62.92,4.973,255.68,75.38
2023-04-21T11:50:20.104,62.91,4.976,255.77,75.4
2023-04-21T11:50:21.221,62.91,4.98,255.86,75.42
2023-04-21T11:50:22.291,62.91,4.984,255.95,75.44
2023-04-21T11:50:23.385,62.91,4.987,256.04,75.46
2023-04-21T11:50:24.462,62.91,4.99,256.13,75.49
2023-04-21T11:50:25.515,62.9,4.992,256.22,75.51
2023-04-21T11:50:26.612,62.9,4.995,256.31,75.53
2023-04-21T11:50:27.678,62.9,4.999,256.4,75.55
2023-04-21T11:50:28.756,62.9,5.002,256.49,75.57
2023-04-21T11:50:29.809,62.9,5.006,256.58,75.59
2023-04-21T11:50:30.863,62.89,5.009,256.67,75.61
2023-04-21T11:50:31.964,62.89,5.012,256.76,75.63
2023-04-21T11:50:33.018,62.89,5.016,256.85,75.65
2023-04-21T11:50:34.088,62.89,5.02,256.94,75.67
2023-04-21T11:50:35.157,62.89,5.023,257.03,75.69
2023-04-21T11:50:36.242,62.88,5.026,257.12,75.72
2023-04-21T11:50:37.344,62.88,5.028,257.21,75.74
2023-04-21T11:50:38.414,62.88,5.031,257.3,75.76
2023-04-21T11:50:39.467,62.88,5.035,257.39,75.78
2023-04-21T11:50:40.552,62.88,5.038,257.48,75.8
2023-04-21T11:50:41.606,62.87,5.042,257.57,75.82
2023-04-21T11:50:42.692,62.87,5.045,257.66,75.84
2023-04-21T11:50:43.783,62.87,5.049,257.75,75.86
2023-04-21T11:50:44.831,62.87,5.052,257.84,75.88
2023-04-21T11:50:45.916,62.86,5.056,257.93,75.91
2023-04-21T11:50:46.986,62.86,5.06,258.02,75.93
2023-04-21T11:50:48.055,62.86,5.062,258.11,75.95
2023-04-21T11:50:49.125,62.86,5.067,258.2,75.97
2023-04-21T11:50:50.174,62.86,5.07,258.29,75.99
2023-04-21T11:50:51.248,62.85,5.075,258.38,76.01
2023-04-21T11:50:52.333,62.85,5.078,258.47,76.03
2023-04-21T11:50:53.403,62.85,5.083,258.56,76.05
2023-04-21T11:50:54.505,62.85,5.085,258.65,76.08
2023-04-21T11:50:55.558,62.85,5.089,258.74,76.1
2023-04-21T11:50:56.595,62.84,5.092,258.83,76.12
2023-04-21T11:50:57.665,62.84,5.096,258.92,76.14
2023-04-21T11:50:58.719,62.84,5.099,259.01,76.16
2023-04-21T11:50:59.788,62.84,5.104,259.1,76.18
2023-04-21T11:51:00.873,62.84,5.108,259.19,76.2
2023-04-21T11:51:01.943,62.83,5.111,259.29,76.22
2023-04-21T11:51:03.012,62.83,5.115,259.38,76.24
2023-04-21T11:51:04.082,62.83,5.119,259.47,76.27
2023-04-21T11:51:05.136,62.83,5.122,259.56,76.29
2023-04-21T11:51:06.253,62.82,5.127,259.65,76.31
2023-04-21T11:51:07.323,62.82,5.13,259.74,76.33
2023-04-21T11:51:08.376,62.82,5.135,259.83,76.35
2023-04-21T11:51:09.462,62.82,5.139,259.93,76.37
2023-04-21T11:51:10.531,62.82,5.143,260.02,76.4
2023-04-21T11:51:11.633,62.81,5.147,260.11,76.42
2023-04-21T11:51:12.734,62.81,5.151,260.21,76.44
2023-04-21T11:51:13.788,62.81,5.154,260.3,76.46
2023-04-21T11:51:14.873,62.81,5.159,260.39,76.48
2023-04-21T11:51:15.927,62.81,5.162,260.48,76.5
2023-04-21T11:51:16.997,62.8,5.167,260.57,76.53
2023-04-21T11:51:18.066,62.8,5.171,260.67,76.55
2023-04-21T11:51:19.135,62.8,5.174,260.76,76.57
2023-04-21T11:51:20.205,62.8,5.18,260.85,76.59
2023-04-21T11:51:21.259,62.8,5.182,260.94,76.61
2023-04-21T11:51:22.312,62.79,5.187,261.03,76.63
2023-04-21T11:51:23.366,62.79,5.191,261.12,76.65
2023-04-21T11:51:24.451,62.79,5.196,261.22,76.68
2023-04-21T11:51:25.521,62.79,5.199,261.31,76.7
2023-04-21T11:51:26.606,62.78,5.204,261.4,76.72
2023-04-21T11:51:27.660,62.78,5.208,261.49,76.74
2023-04-21T11:51:28.713,62.78,5.212,261.59,76.76
2023-04-21T11:51:29.783,62.78,5.216,261.68,76.78
2023-04-21T11:51:30.836,62.78,5.221,261.77,76.81
2023-04-21T11:51:31.890,62.77,5.224,261.86,76.83
2023-04-21T11:51:32.975,62.77,5.237,261.96,76.85
2023-04-21T11:51:34.045,62.77,5.238,262.05,76.87
2023-04-21T11:51:35.099,62.77,5.238,262.14,76.89
2023-04-21T11:51:36.152,62.77,5.255,262.23,76.91
2023-04-21T11:51:37.237,62.76,5.262,262.33,76.94
2023-04-21T11:51:38.307,62.76,5.266,262.42,76.96
2023-04-21T11:51:39.393,62.76,5.27,262.52,76.98
2023-04-21T11:51:40.478,62.76,5.273,262.61,77
2023-04-21T11:51:41.532,62.76,5.277,262.71,77.03
2023-04-21T11:51:42.603,62.76,5.28,262.8,77.05
2023-04-21T11:51:43.670,62.75,5.284,262.89,77.07
2023-04-21T11:51:44.772,62.75,5.286,262.99,77.09
2023-04-21T11:51:45.842,62.75,5.29,263.08,77.11
2023-04-21T11:51:46.889,62.75,5.292,263.18,77.14
2023-04-21T11:51:48.013,62.75,5.295,263.28,77.16
2023-04-21T11:51:49.066,62.75,5.298,263.37,77.18
2023-04-21T11:51:50.183,62.74,5.301,263.47,77.2
2023-04-21T11:51:51.221,62.74,5.305,263.56,77.23
2023-04-21T11:51:52.291,62.74,5.306,263.65,77.25
2023-04-21T11:51:53.344,62.74,5.309,263.75,77.27
2023-04-21T11:51:54.430,62.74,5.31,263.84,77.29
2023-04-21T11:51:55.483,62.74,5.311,263.94,77.31
2023-04-21T11:51:56.584,62.74,5.313,264.03,77.34
2023-04-21T11:51:57.695,62.73,5.315,264.13,77.36
2023-04-21T11:51:58.739,62.73,5.316,264.22,77.38
2023-04-21T11:51:59.793,62.73,5.316,264.32,77.4
2023-04-21T11:52:00.879,62.73,5.318,264.41,77.43
2023-04-21T11:52:01.949,62.73,5.318,264.51,77.45
2023-04-21T11:52:03.002,62.73,5.318,264.6,77.47
2023-04-21T11:52:04.103,62.73,5.319,264.7,77.49
2023-04-21T11:52:05.168,62.73,5.318,264.79,77.51
2023-04-21T11:52:06.252,62.73,5.318,264.89,77.54
2023-04-21T11:52:07.312,62.73,5.316,264.98,77.56
2023-04-21T11:52:08.414,62.73,5.316,265.08,77.58
2023-04-21T11:52:09.467,62.73,5.316,265.17,77.6
2023-04-21T11:52:10.522,62.73,5.316,265.27,77.63
2023-04-21T11:52:11.606,62.73,5.315,265.36,77.65
2023-04-21T11:52:12.670,62.73,5.312,265.46,77.67
2023-04-21T11:52:13.729,62.73,5.312,265.55,77.69
2023-04-21T11:52:14.814,62.73,5.31,265.65,77.72
2023-04-21T11:52:15.884,62.72,5.309,265.74,77.74
2023-04-21T11:52:16.938,62.73,5.308,265.83,77.76
2023-04-21T11:52:18.023,62.72,5.306,265.93,77.78
2023-04-21T11:52:19.069,62.72,5.305,266.02,77.8
2023-04-21T11:52:20.114,62.72,5.304,266.12,77.82
2023-04-21T11:52:21.184,62.72,5.302,266.21,77.85
2023-04-21T11:52:22.267,62.72,5.3,266.3,77.87
2023-04-21T11:52:23.339,62.72,5.298,266.4,77.89
2023-04-21T11:52:24.376,62.72,5.297,266.49,77.91
2023-04-21T11:52:25.494,62.72,5.295,266.59,77.94
2023-04-21T11:52:26.547,62.72,5.294,266.68,77.96
2023-04-21T11:52:27.649,62.72,5.291,266.78,77.98
2023-04-21T11:52:28.702,62.72,5.29,266.87,78
2023-04-21T11:52:29.772,62.72,5.288,266.97,78.02
2023-04-21T11:52:30.826,62.72,5.287,267.06,78.05
2023-04-21T11:52:31.895,62.72,5.284,267.15,78.07
2023-04-21T11:52:32.949,62.72,5.283,267.25,78.09
2023-04-21T11:52:33.987,62.72,5.281,267.34,78.11
2023-04-21T11:52:35.088,62.72,5.28,267.44,78.13
2023-04-21T11:52:36.125,62.72,5.277,267.53,78.16
2023-04-21T11:52:37.179,62.72,5.277,267.62,78.18
2023-04-21T11:52:38.248,62.72,5.275,267.71,78.2
2023-04-21T11:52:39.302,62.72,5.273,267.81,78.22
2023-04-21T11:52:40.388,62.72,5.273,267.9,78.24
2023-04-21T11:52:41.441,62.72,5.272,267.99,78.27
2023-04-21T11:52:42.494,62.72,5.273,268.09,78.29
2023-04-21T11:52:43.562,62.72,5.273,268.18,78.31
2023-04-21T11:52:44.656,62.72,5.272,268.27,78.33
2023-04-21T11:52:45.719,62.72,5.271,268.37,78.35
2023-04-21T11:52:46.789,62.72,5.269,268.46,78.38
2023-04-21T11:52:47.858,62.72,5.267,268.56,78.4
2023-04-21T11:52:48.913,62.72,5.266,268.65,78.42
2023-04-21T11:52:49.965,62.72,5.264,268.74,78.44
2023-04-21T11:52:51.019,62.73,5.263,268.83,78.46
2023-04-21T11:52:52.089,62.72,5.26,268.93,78.48
2023-04-21T11:52:53.126,62.72,5.258,269.02,78.51
2023-04-21T11:52:54.195,62.72,5.256,269.11,78.53
2023-04-21T11:52:55.265,62.72,5.254,269.21,78.55
2023-04-21T11:52:56.319,62.73,5.252,269.3,78.57
2023-04-21T11:52:57.383,62.72,5.252,269.39,78.59
2023-04-21T11:52:58.474,62.73,5.249,269.49,78.62
2023-04-21T11:52:59.543,62.73,5.247,269.58,78.64
2023-04-21T11:53:00.613,62.73,5.239,269.67,78.66
2023-04-21T11:53:01.698,62.73,5.23,269.77,78.68
2023-04-21T11:53:02.752,62.73,5.226,269.86,78.7
2023-04-21T11:53:03.837,62.73,5.224,269.95,78.73
2023-04-21T11:53:04.875,62.73,5.223,270.04,78.75
2023-04-21T11:53:05.977,62.73,5.222,270.14,78.77
2023-04-21T11:53:07.046,62.73,5.22,270.23,78.79
2023-04-21T11:53:08.131,62.73,5.219,270.33,78.81
2023-04-21T11:53:09.169,62.73,5.216,270.42,78.83
2023-04-21T11:53:10.222,62.73,5.215,270.51,78.86
2023-04-21T11:53:11.324,62.73,5.213,270.6,78.88
2023-04-21T11:53:12.377,62.73,5.21,270.7,78.9
2023-04-21T11:53:13.461,62.73,5.207,270.79,78.92
2023-04-21T11:53:14.532,62.73,5.205,270.88,78.94
2023-04-21T11:53:15.592,62.73,5.202,270.97,78.97
2023-04-21T11:53:16.639,62.73,5.201,271.07,78.99
2023-04-21T11:53:17.677,62.73,5.198,271.16,79.01
2023-04-21T11:53:18.779,62.73,5.195,271.25,79.03
2023-04-21T11:53:19.816,62.73,5.192,271.34,79.05
2023-04-21T11:53:20.870,62.73,5.189,271.43,79.07
2023-04-21T11:53:21.949,62.73,5.186,271.52,79.09
2023-04-21T11:53:23.009,62.73,5.183,271.62,79.12
2023-04-21T11:53:24.062,62.73,5.18,271.71,79.14
2023-04-21T11:53:25.148,62.73,5.178,271.8,79.16
2023-04-21T11:53:26.201,62.73,5.174,271.89,79.18
2023-04-21T11:53:27.255,62.73,5.171,271.98,79.2
2023-04-21T11:53:28.341,62.73,5.167,272.08,79.22
2023-04-21T11:53:29.382,62.73,5.163,272.16,79.24
2023-04-21T11:53:30.432,62.74,5.16,272.25,79.27
2023-04-21T11:53:31.520,62.73,5.156,272.35,79.29
2023-04-21T11:53:32.587,62.74,5.153,272.44,79.31
2023-04-21T11:53:33.656,62.74,5.149,272.53,79.33
2023-04-21T11:53:34.729,62.74,5.145,272.62,79.35
2023-04-21T11:53:35.779,62.74,5.142,272.71,79.37
2023-04-21T11:53:36.865,62.74,5.139,272.81,79.4
2023-04-21T11:53:37.950,62.74,5.135,272.9,79.42
2023-04-21T11:53:39.020,62.74,5.131,272.99,79.44
2023-04-21T11:53:40.121,62.74,5.129,273.08,79.46
2023-04-21T11:53:41.159,62.74,5.125,273.17,79.48
2023-04-21T11:53:42.213,62.74,5.122,273.26,79.5
2023-04-21T11:53:43.298,62.74,5.118,273.36,79.52
2023-04-21T11:53:44.367,62.74,5.115,273.45,79.55
2023-04-21T11:53:45.437,62.74,5.112,273.54,79.57
2023-04-21T11:53:46.506,62.74,5.107,273.63,79.59
2023-04-21T11:53:47.560,62.74,5.104,273.72,79.61
2023-04-21T11:53:48.614,62.74,5.102,273.81,79.63
2023-04-21T11:53:49.728,62.74,5.097,273.9,79.65
2023-04-21T11:53:50.768,62.74,5.094,273.99,79.67
2023-04-21T11:53:51.838,62.74,5.091,274.08,79.69
2023-04-21T11:53:52.940,62.74,5.086,274.17,79.72
2023-04-21T11:53:54.009,62.75,5.082,274.27,79.74
2023-04-21T11:53:55.094,62.74,5.08,274.36,79.76
2023-04-21T11:53:56.180,62.75,5.075,274.45,79.78
2023-04-21T11:53:57.250,62.75,5.071,274.54,79.8
2023-04-21T11:53:58.319,62.75,5.067,274.63,79.82
2023-04-21T11:53:59.383,62.75,5.063,274.72,79.84
2023-04-21T11:54:00.474,62.75,5.059,274.81,79.87
2023-04-21T11:54:01.528,62.75,5.055,274.9,79.89
2023-04-21T11:54:02.581,62.75,5.052,274.99,79.91
2023-04-21T11:54:03.651,62.75,5.048,275.08,79.93
2023-04-21T11:54:04.720,62.75,5.045,275.17,79.95
2023-04-21T11:54:05.806,62.75,5.041,275.26,79.97
2023-04-21T11:54:06.859,62.75,5.036,275.35,79.99
2023-04-21T11:54:07.929,62.75,5.032,275.44,80.01
2023-04-21T11:54:09.014,62.75,5.028,275.53,80.03
2023-04-21T11:54:10.079,62.75,5.025,275.62,80.05
2023-04-21T11:54:11.154,62.75,5.02,275.71,80.08
2023-04-21T11:54:12.208,62.75,5.016,275.8,80.1
2023-04-21T11:54:13.277,62.76,5.013,275.89,80.12
2023-04-21T11:54:14.330,62.75,5.009,275.97,80.14
2023-04-21T11:54:15.384,62.76,5.006,276.06,80.16
2023-04-21T11:54:16.453,62.76,5.002,276.15,80.18
2023-04-21T11:54:17.507,62.76,4.997,276.24,80.2
2023-04-21T11:54:18.593,62.76,4.993,276.33,80.22
2023-04-21T11:54:19.651,62.76,4.989,276.42,80.24
2023-04-21T11:54:20.699,62.76,4.986,276.5,80.26
2023-04-21T11:54:21.737,62.76,4.981,276.59,80.28
2023-04-21T11:54:22.807,62.76,4.977,276.68,80.3
2023-04-21T11:54:23.876,62.76,4.973,276.77,80.32
2023-04-21T11:54:24.914,62.76,4.969,276.85,80.34
2023-04-21T11:54:25.967,62.76,4.966,276.94,80.36
2023-04-21T11:54:27.053,62.76,4.962,277.03,80.39
2023-04-21T11:54:28.122,62.76,4.958,277.12,80.41
2023-04-21T11:54:29.208,62.76,4.954,277.21,80.43
2023-04-21T11:54:30.261,62.76,4.95,277.29,80.45
2023-04-21T11:54:31.307,62.77,4.945,277.38,80.47
2023-04-21T11:54:32.368,62.77,4.941,277.47,80.49
2023-04-21T11:54:33.454,62.77,4.937,277.56,80.51
2023-04-21T11:54:34.511,62.77,4.932,277.64,80.53
2023-04-21T11:54:35.593,62.77,4.928,277.73,80.55
2023-04-21T11:54:36.646,62.77,4.923,277.82,80.57
2023-04-21T11:54:37.732,62.77,4.92,277.91,80.59
2023-04-21T11:54:38.802,62.77,4.917,278,80.61
2023-04-21T11:54:39.855,62.77,4.914,278.08,80.63
2023-04-21T11:54:40.909,62.77,4.912,278.17,80.65
2023-04-21T11:54:41.978,62.77,4.909,278.26,80.67
2023-04-21T11:54:43.032,62.77,4.907,278.34,80.69
2023-04-21T11:54:44.117,62.77,4.905,278.43,80.71
2023-04-21T11:54:45.187,62.77,4.905,278.52,80.73
2023-04-21T11:54:46.273,62.77,4.903,278.61,80.76
2023-04-21T11:54:47.326,62.77,4.903,278.69,80.78
2023-04-21T11:54:48.427,62.77,4.902,278.78,80.8
2023-04-21T11:54:49.481,62.77,4.902,278.87,80.82
2023-04-21T11:54:50.566,62.76,4.901,278.96,80.84
2023-04-21T11:54:51.636,62.76,4.898,279.04,80.86
2023-04-21T11:54:52.673,62.76,4.898,279.13,80.88
2023-04-21T11:54:53.743,62.76,4.897,279.22,80.9
2023-04-21T11:54:54.796,62.76,4.895,279.3,80.92
2023-04-21T11:54:55.905,62.76,4.894,279.39,80.94
2023-04-21T11:54:56.952,62.76,4.892,279.48,80.96
2023-04-21T11:54:58.053,62.76,4.891,279.57,80.98
2023-04-21T11:54:59.139,62.76,4.889,279.65,81
2023-04-21T11:55:00.240,62.76,4.888,279.74,81.02
2023-04-21T11:55:01.341,62.76,4.885,279.83,81.04
2023-04-21T11:55:02.395,62.76,4.884,279.92,81.06
2023-04-21T11:55:03.480,62.76,4.882,280.01,81.08
2023-04-21T11:55:04.550,62.76,4.882,280.1,81.1
2023-04-21T11:55:05.635,62.76,4.88,280.18,81.13
2023-04-21T11:55:06.721,62.76,4.88,280.27,81.15
2023-04-21T11:55:07.775,62.76,4.878,280.36,81.17
2023-04-21T11:55:08.828,62.76,4.877,280.44,81.19
2023-04-21T11:55:09.897,62.76,4.876,280.53,81.21
2023-04-21T11:55:10.951,62.76,4.874,280.62,81.23
2023-04-21T11:55:12.031,62.76,4.873,280.7,81.25
2023-04-21T11:55:13.122,62.76,4.872,280.79,81.27
2023-04-21T11:55:14.191,62.75,4.87,280.88,81.29
2023-04-21T11:55:15.277,62.76,4.87,280.97,81.31
2023-04-21T11:55:16.347,62.76,4.87,281.05,81.33
2023-04-21T11:55:17.400,62.75,4.868,281.14,81.35
2023-04-21T11:55:18.486,62.75,4.867,281.23,81.37
2023-04-21T11:55:19.571,62.75,4.866,281.31,81.39
2023-04-21T11:55:20.640,62.75,4.865,281.4,81.41
2023-04-21T11:55:21.710,62.75,4.864,281.49,81.43
2023-04-21T11:55:22.764,62.75,4.864,281.57,81.45
2023-04-21T11:55:23.839,62.75,4.863,281.66,81.47
2023-04-21T11:55:24.887,62.75,4.863,281.74,81.49
2023-04-21T11:55:25.973,62.75,4.863,281.83,81.51
2023-04-21T11:55:27.042,62.75,4.863,281.92,81.53
2023-04-21T11:55:28.111,62.75,4.863,282.01,81.55
2023-04-21T11:55:29.213,62.75,4.863,282.1,81.57
2023-04-21T11:55:30.250,62.75,4.862,282.18,81.59
2023-04-21T11:55:31.304,62.74,4.862,282.26,81.61
2023-04-21T11:55:32.389,62.74,4.861,282.35,81.63
2023-04-21T11:55:33.443,62.74,4.862,282.44,81.65
2023-04-21T11:55:34.544,62.74,4.862,282.53,81.67
2023-04-21T11:55:35.649,62.74,4.862,282.62,81.7
2023-04-21T11:55:36.699,62.74,4.862,282.7,81.72
2023-04-21T11:55:37.785,62.74,4.863,282.79,81.74
2023-04-21T11:55:38.838,62.74,4.863,282.87,81.76
2023-04-21T11:55:39.898,62.73,4.863,282.96,81.78
2023-04-21T11:55:40.961,62.73,4.865,283.05,81.8
2023-04-21T11:55:42.031,62.73,4.865,283.13,81.82
2023-04-21T11:55:43.100,62.73,4.866,283.22,81.84
2023-04-21T11:55:44.154,62.73,4.866,283.3,81.86
2023-04-21T11:55:45.239,62.73,4.867,283.39,81.88
2023-04-21T11:55:46.309,62.73,4.868,283.48,81.9
2023-04-21T11:55:47.363,62.73,4.868,283.56,81.92
2023-04-21T11:55:48.448,62.73,4.87,283.65,81.94
2023-04-21T11:55:49.518,62.72,4.87,283.74,81.96
2023-04-21T11:55:50.587,62.72,4.872,283.83,81.98
2023-04-21T11:55:51.657,62.72,4.873,283.91,82
2023-04-21T11:55:52.721,62.72,4.874,284,82.02
2023-04-21T11:55:53.796,62.72,4.875,284.09,82.04
2023-04-21T11:55:54.850,62.72,4.876,284.17,82.06
2023-04-21T11:55:55.919,62.71,4.877,284.26,82.08
2023-04-21T11:55:56.972,62.71,4.88,284.34,82.1
2023-04-21T11:55:58.058,62.71,4.881,284.43,82.12
2023-04-21T11:55:59.128,62.71,4.881,284.52,82.14
2023-04-21T11:56:00.213,62.71,4.884,284.61,82.16
2023-04-21T11:56:01.283,62.71,4.884,284.69,82.18
2023-04-21T11:56:02.352,62.71,4.886,284.78,82.2
2023-04-21T11:56:03.437,62.71,4.888,284.87,82.22
2023-04-21T11:56:04.476,62.7,4.889,284.95,82.24
2023-04-21T11:56:05.560,62.7,4.891,285.04,82.26
2023-04-21T11:56:06.598,62.7,4.892,285.13,82.28
2023-04-21T11:56:07.684,62.7,4.895,285.22,82.31
2023-04-21T11:56:08.743,62.7,4.898,285.3,82.33
2023-04-21T11:56:09.807,62.7,4.9,285.39,82.35
2023-04-21T11:56:10.876,62.69,4.902,285.48,82.37
2023-04-21T11:56:11.962,62.69,4.905,285.57,82.39
2023-04-21T11:56:12.999,62.69,4.907,285.65,82.41
2023-04-21T11:56:14.069,62.69,4.909,285.74,82.43
2023-04-21T11:56:15.170,62.69,4.911,285.83,82.45
2023-04-21T11:56:16.272,62.68,4.913,285.92,82.47
2023-04-21T11:56:17.341,62.68,4.916,286.01,82.49
2023-04-21T11:56:18.395,62.68,4.918,286.09,82.51
2023-04-21T11:56:19.448,62.68,4.921,286.18,82.53
2023-04-21T11:56:20.534,62.68,4.923,286.27,82.55
2023-04-21T11:56:21.587,62.68,4.926,286.35,82.57
2023-04-21T11:56:22.641,62.67,4.927,286.44,82.59
2023-04-21T11:56:23.726,62.67,4.93,286.53,82.61
2023-04-21T11:56:24.798,62.67,4.934,286.62,82.63
2023-04-21T11:56:25.873,62.67,4.937,286.7,82.65
2023-04-21T11:56:26.967,62.67,4.94,286.79,82.68
2023-04-21T11:56:28.036,62.67,4.943,286.88,82.7
2023-04-21T11:56:29.090,62.66,4.945,286.97,82.72
2023-04-21T11:56:30.192,62.66,4.947,287.06,82.74
2023-04-21T11:56:31.277,62.66,4.95,287.15,82.76
2023-04-21T11:56:32.379,62.66,4.953,287.24,82.78
2023-04-21T11:56:33.432,62.66,4.955,287.33,82.8
2023-04-21T11:56:34.501,62.65,4.959,287.42,82.82
2023-04-21T11:56:35.587,62.65,4.963,287.51,82.84
2023-04-21T11:56:36.673,62.65,4.966,287.6,82.86
2023-04-21T11:56:37.779,62.65,4.97,287.69,82.89
2023-04-21T11:56:38.843,62.65,4.972,287.77,82.91
2023-04-21T11:56:39.913,62.64,4.976,287.86,82.93
2023-04-21T11:56:40.966,62.64,4.978,287.95,82.95
2023-04-21T11:56:42.020,62.64,4.982,288.04,82.97
2023-04-21T11:56:43.105,62.64,4.985,288.13,82.99
2023-04-21T11:56:44.159,62.64,4.989,288.21,83.01
2023-04-21T11:56:45.228,62.63,4.992,288.3,83.03
2023-04-21T11:56:46.314,62.63,4.996,288.39,83.05
2023-04-21T11:56:47.384,62.63,4.999,288.48,83.07
2023-04-21T11:56:48.431,62.63,5.004,288.57,83.09
2023-04-21T11:56:49.491,62.63,5.009,288.66,83.11
2023-04-21T11:56:50.560,62.63,5.013,288.75,83.14
2023-04-21T11:56:51.630,62.62,5.017,288.84,83.16
2023-04-21T11:56:52.715,62.62,5.022,288.93,83.18
2023-04-21T11:56:53.769,62.62,5.026,289.02,83.2
2023-04-21T11:56:54.854,62.62,5.029,289.11,83.22
2023-04-21T11:56:55.892,62.62,5.034,289.19,83.24
2023-04-21T11:56:56.945,62.61,5.038,289.28,83.26
2023-04-21T11:56:57.983,62.61,5.044,289.37,83.28
2023-04-21T11:56:59.100,62.61,5.048,289.46,83.3
2023-04-21T11:57:00.154,62.61,5.052,289.55,83.32
2023-04-21T11:57:01.240,62.61,5.057,289.64,83.35
2023-04-21T11:57:02.295,62.61,5.061,289.73,83.37
2023-04-21T11:57:03.379,62.6,5.065,289.82,83.39
2023-04-21T11:57:04.464,62.6,5.069,289.92,83.41
2023-04-21T11:57:05.517,62.6,5.071,290,83.43
2023-04-21T11:57:06.603,62.6,5.076,290.1,83.45
2023-04-21T11:57:07.673,62.6,5.08,290.19,83.47
2023-04-21T11:57:08.726,62.59,5.084,290.28,83.49
2023-04-21T11:57:09.780,62.6,5.088,290.36,83.52
2023-04-21T11:57:10.865,62.59,5.091,290.46,83.54
2023-04-21T11:57:11.919,62.59,5.096,290.55,83.56
2023-04-21T11:57:12.989,62.59,5.101,290.64,83.58
2023-04-21T11:57:14.104,62.59,5.104,290.73,83.6
2023-04-21T11:57:15.159,62.59,5.108,290.82,83.62
2023-04-21T11:57:16.261,62.58,5.112,290.92,83.64
2023-04-21T11:57:17.303,62.58,5.116,291,83.67
2023-04-21T11:57:18.384,62.58,5.12,291.1,83.69
2023-04-21T11:57:19.486,62.58,5.123,291.19,83.71
2023-04-21T11:57:20.572,62.57,5.128,291.28,83.73
2023-04-21T11:57:21.640,62.57,5.132,291.37,83.75
2023-04-21T11:57:22.742,62.57,5.136,291.47,83.77
2023-04-21T11:57:23.811,62.57,5.14,291.56,83.8
2023-04-21T11:57:24.849,62.57,5.144,291.65,83.82
2023-04-21T11:57:25.919,62.57,5.148,291.74,83.84
2023-04-21T11:57:26.957,62.56,5.153,291.83,83.86
2023-04-21T11:57:28.016,62.56,5.157,291.92,83.88
2023-04-21T11:57:29.111,62.56,5.161,292.01,83.9
2023-04-21T11:57:30.181,62.56,5.166,292.11,83.92
2023-04-21T11:57:31.250,62.56,5.17,292.2,83.95
2023-04-21T11:57:32.304,62.55,5.173,292.29,83.97
2023-04-21T11:57:33.358,62.55,5.179,292.38,83.99
2023-04-21T11:57:34.395,62.55,5.184,292.47,84.01
2023-04-21T11:57:35.481,62.55,5.188,292.56,84.03
2023-04-21T11:57:36.530,62.55,5.191,292.65,84.05
2023-04-21T11:57:37.572,62.54,5.196,292.74,84.07
2023-04-21T11:57:38.673,62.54,5.202,292.84,84.1
2023-04-21T11:57:39.711,62.54,5.205,292.93,84.12
2023-04-21T11:57:40.748,62.54,5.209,293.02,84.14
2023-04-21T11:57:41.882,62.54,5.214,293.12,84.16
2023-04-21T11:57:42.920,62.54,5.219,293.21,84.18
2023-04-21T11:57:43.973,62.53,5.223,293.3,84.21
2023-04-21T11:57:45.058,62.53,5.228,293.39,84.23
2023-04-21T11:57:46.096,62.53,5.233,293.48,84.25
2023-04-21T11:57:47.150,62.53,5.237,293.58,84.27
2023-04-21T11:57:48.219,62.53,5.243,293.67,84.29
2023-04-21T11:57:49.272,62.52,5.248,293.76,84.31
2023-04-21T11:57:50.337,62.52,5.252,293.85,84.34
2023-04-21T11:57:51.421,62.52,5.256,293.95,84.36
2023-04-21T11:57:52.497,62.52,5.261,294.04,84.38
2023-04-21T11:57:53.551,62.52,5.266,294.13,84.4
2023-04-21T11:57:54.620,62.51,5.271,294.23,84.42
2023-04-21T11:57:55.690,62.51,5.276,294.32,84.45
2023-04-21T11:57:56.743,62.51,5.28,294.42,84.47
2023-04-21T11:57:57.781,62.51,5.285,294.51,84.49
2023-04-21T11:57:58.835,62.51,5.291,294.6,84.51
2023-04-21T11:57:59.904,62.5,5.308,294.69,84.53
2023-04-21T11:58:01.005,62.5,5.316,294.79,84.56
2023-04-21T11:58:02.059,62.5,5.321,294.88,84.58
2023-04-21T11:58:03.116,62.5,5.326,294.98,84.6
2023-04-21T11:58:04.198,62.5,5.33,295.07,84.62
2023-04-21T11:58:05.251,62.5,5.333,295.17,84.65
2023-04-21T11:58:06.305,62.5,5.338,295.26,84.67
2023-04-21T11:58:07.359,62.49,5.341,295.35,84.69
2023-04-21T11:58:08.444,62.49,5.346,295.45,84.71
2023-04-21T11:58:09.498,62.49,5.351,295.54,84.73
2023-04-21T11:58:10.616,62.49,5.355,295.64,84.76
2023-04-21T11:58:11.685,62.49,5.36,295.74,84.78
2023-04-21T11:58:12.802,62.49,5.365,295.84,84.8
2023-04-21T11:58:13.857,62.48,5.37,295.93,84.83
2023-04-21T11:58:14.941,62.48,5.374,296.03,84.85
2023-04-21T11:58:15.979,62.48,5.378,296.12,84.87
2023-04-21T11:58:17.018,62.48,5.383,296.22,84.89
